3676 5528
405 503 444 564 56
885 519 976 561 carm
998 519 1041 560 nr.

404 651 661 746 probaverint,
685 656 765 723 tum
794 656 831 723 et
864 649 958 722 illud
986 654 1198 723 memoratu
1216 650 1382 745 dignum
1417 652 1525 742 dixit,

403 784 576 859 futurum
591 785 709 858 tuisse
724 789 767 858 ut
794 808 812 856 «
841 783 1017 857 homines
1035 805 1113 856 non
1128 786 1236 871 λογικὰ
1257 794 1329 872 (aa,
1351 786 1418 860 sed
1431 786 1529 860 Iudi-

402 941 467 993 cra
485 925 522 994 ot
540 918 701 993 ridenda
714 919 904 1015 quaedam
925 921 1174 1012 neurospasta
1192 938 1273 991 esse
1293 918 1525 1010 viderentur,

403 1055 435 1126 si
459 1054 557 1127 nihil
585 1075 654 1126 suo
684 1052 843 1126 arbitrio
861 1052 1040 1141 tacerent,
1072 1051 1137 1124 sed
1162 1051 1389 1127 ducentibus
1415 1060 1528 1150 atque

402 1187 669 1282 aurigantibus
702 1186 838 1260 stelliS¹
871 1210 902 1256 n.
932 1184 1008 1258 Nec
1049 1185 1192 1258 nullius
1233 1186 1441 1281 sapientiae
1473 1196 1529 1263 est

401 1342 540 1417 negare
554 1325 695 1395 certam
716 1321 931 1394 futurarum
947 1340 1075 1392 rerum
1090 1319 1287 1394 seientiam
1307 1322 1528 1404 hominibus

400 1477 481 1530 essa
507 1453 763 1542 concessam2,
791 1454 907 1527 Immo
934 1475 1023 1527 vero
1047 1475 1095 1527 ne
1121 1454 1327 1548 optandam
1357 1457 1524 1554 quidem,

401 1591 482 1664 sive
499 1611 680 1685 prospera
696 1589 777 1662 sive
796 1610 932 1682 aspera
951 1587 1347 1682 praenuntiarentur³.
1366 1590 1437 1679 Qui
1456 1591 1527 1665 etsi

400 1746 524 1820 neque
552 1725 699 1819 primus
721 1743 843 1817 neque
863 1721 1022 1795 ultimus
1050 1721 1089 1794 in
1119 1742 1204 1795 eam
1224 1724 1527 1798 commenticiam

400 1863 521 1933 artem
542 1858 716 1934 Invaetus
731 1862 788 1930 est
804 1855 909 1951 (nam
929 1877 1007 1928 non
1022 1856 1134 1928 modo
1152 1856 1254 1950 apud
1274 1854 1524 1948 Hadrianum,

401 1993 466 2066 sed
490 1992 592 2086 apud
615 1990 807 2064 Tiberium
839 1989 1038 2063 Caesarem
1070 1988 1295 2063 auctoritate
1323 1991 1528 2064 valuerunt

400 2125 595 2215 Chaldaei,
623 2145 746 2219 nequa
765 2124 988 2197 afuerunta
1011 2128 1227 2196 nostrorum
1261 2145 1393 2218 regum
1419 2124 1527 2198 incu-

400 2259 582 2354 nabulis),
606 2263 735 2331 tamen
755 2257 816 2331 vel
830 2258 902 2330 hoc
922 2257 1003 2351 ipso
1018 2256 1235 2330 laudandus
1254 2262 1311 2331 est
1329 2259 1430 2352 quod
1445 2281 1528 2353 per-

400 2398 557 2489 petuum
577 2397 615 2465 et
628 2391 810 2465 humanis
830 2390 1021 2464 mentibus
1040 2411 1160 2485 paene
1180 2391 1344 2464 infixum
1363 2414 1526 2467 errorem

403 2525 658 2623 impugnavit,
672 2547 759 2599 cum
778 2524 1000 2620 praesertim
1017 2524 1238 2619 paucissimi
1258 2526 1433 2600 homines
1452 2527 1528 2600 illis

400 2662 601 2758 prachpue
623 2659 814 2734 aetatibus
840 2681 864 2731 a
887 2658 1155 2754 superstitione
1175 2665 1367 2733 vacarent.
1392 2660 1528 2749 Quan-

400 2801 483 2869 tum
502 2795 631 2884 distat,
651 2815 697 2867 aa
715 2793 869 2888 quidem
889 2793 935 2866 de
954 2815 1008 2884 re,
1034 2794 1083 2866 ab
1105 2791 1357 2888 inclytIssimo
1377 2795 1527 2869 rhetora

357 2907 365 2920 ⁵
402 2928 581 3019 Aristide,
596 2927 705 3022 eujus
725 2927 773 3000 ad
794 2926 926 2999 inania
944 2925 1149 3000 credulitas
1159 2926 1225 2999 vix
1240 2927 1431 3001 credibilis
1446 2927 1523 3002 est!

402 3065 525 3152 Quare
544 3064 638 3136 haec
657 3061 773 3135 fuerit
791 3061 911 3134 nostri
929 3060 1062 3156 judieii
1083 3083 1252 3135 summa:
1268 3061 1349 3136 sive
1367 3064 1414 3136 de
1429 3063 1527 3159 ejus-

402 3197 504 3271 modi
518 3198 632 3270 rebus
652 3195 733 3269 siva
751 3196 797 3269 de
816 3194 1023 3268 educandis
1043 3194 1255 3269 infantibus
1271 3196 1351 3270 sive
1375 3198 1421 3271 de
1446 3219 1527 3292 pcr-
1571 3193 1573 3200 ’

402 3353 512 3405 verso
540 3335 711 3405 veterum
742 3329 967 3423 scriptorum
992 3329 1118 3403 studio
1143 3334 1180 3402 et
1203 3329 1416 3405 imitatione
1441 3354 1526 3406 sen-

402 3464 562 3538 tentiam
584 3465 734 3554 adebat,
756 3484 847 3537 sanc
874 3463 1030 3536 firmum
1059 3467 1097 3537 et
1120 3463 1278 3538 minime
1304 3465 1387 3538 leve
1414 3466 1526 3562 inge-

402 3599 510 3673 nium
531 3598 662 3692 utiqua
680 3598 908 3692 exhibebat3
938 3619 996 3690 ac,
1023 3620 1120 3693 quae
1148 3621 1225 3671 non
1251 3599 1450 3674 mediocris
1471 3607 1527 3675 est

403 3734 501 3824 lana,
533 3733 801 3806 communibus
825 3732 1016 3805 erroribus
1034 3754 1111 3806 non
1131 3734 1422 3828 obsequebatur,
1445 3736 1523 3827 sed,

403 3873 445 3940 ut
464 3866 530 3962 qui
550 3866 719 3960 captiosa
737 3865 965 3939 discutiendi
980 3845 1125 3960 peritus
1150 3871 1248 3939 esset
1260 3874 1286 3955 ⁴,
1316 3890 1408 3942 vero
1440 3890 1527 3943 sen-

402 4003 473 4075 tire
491 4005 530 4074 et
543 4000 666 4074 dicere
685 4006 773 4074 ante
789 4000 919 4074 omnia
938 4000 1141 4094 cogitabat.

439 4240 447 4273 ¹
468 4239 593 4308 GelIIoS,
606 4237 642 4292 Ν.
656 4239 703 4306 Α.,
718 4239 791 4308 XIV,
805 4251 826 4308 1,
840 4237 884 4292 23.

438 4327 449 4363 ²
468 4328 523 4397 Ia,
538 4326 623 4396 iaia,
635 4329 708 4398 XIV,
723 4341 743 4397 1,
759 4327 785 4384 6.

436 4423 448 4457 ³
466 4417 521 4486 Id,
537 4415 621 4488 ibid,
635 4418 709 4486 XIV,
721 4430 742 4486 1,
757 4417 801 4471 36.
817 4417 859 4472 ct.
873 4418 962 4488 infra,
978 4434 1008 4487 p.
1020 4417 1056 4473 66
1071 4433 1118 4488 sq.

437 4504 447 4538 ⁴
466 4506 521 4575 Id.,
535 4504 620 4574 tata,
633 4506 735 4575 XVIII,
751 4519 778 4576 ¹3
791 4508 825 4576 V,
840 4519 881 4561 xr.

841 4637 1082 4651 *nn—-
