3676 5528
410 517 448 577 l8
784 571 791 584 ,
818 547 838 562 =
901 533 991 577 aanor
1011 534 1042 576 u.

406 663 493 736 aliis
512 665 692 739 utebatur
715 663 795 738 sive
807 664 1037 772 inimicitias
1059 687 1146 738 cum
1161 665 1247 740 aliis
1266 668 1476 759 exercebat,
1493 672 1532 740 et

406 797 452 871 de
467 798 607 893 quibus
622 798 789 873 maximo
802 800 916 873 rebus
930 805 999 873 aut
1013 800 1205 894 scripserit
1218 806 1285 873 aut
1295 801 1527 891 disseruerit,

404 953 535 1005 corum
552 932 809 1027 sophistarum
824 934 959 1006 turbae
972 933 1056 1028 jure
1071 933 1222 1008 videtur
1240 935 1525 1008 adscribendus.

404 1064 501 1138 Nam
538 1067 706 1162 primum
739 1068 841 1162 apud
869 1066 1121 1159 Hadrianum,
1157 1090 1271 1162 quem
1301 1070 1528 1163 sophisticae

402 1200 497 1273 artis
520 1205 558 1275 et
582 1201 856 1274 versiculorum
888 1206 926 1274 et
947 1206 1170 1275 cunctarum
1195 1202 1381 1297 ejusmodi
1410 1225 1530 1298 nuga-

403 1357 489 1407 rum
510 1334 820 1408 amantissimum
844 1335 962 1408 luisse
982 1357 1113 1409 omnes
1133 1342 1336 1428 noverunt,
1359 1338 1529 1411 maxima

402 1467 526 1562 gratia
545 1468 713 1542 valuisse
732 1469 852 1542 fertur
870 1491 949 1542 una
968 1492 1055 1543 cum
1078 1471 1351 1566 grammaticis,
1369 1473 1529 1545 rhetori-

403 1603 488 1692 bus,
505 1602 753 1698 astrologis¹3
784 1603 967 1697 ejusdem,
992 1604 1058 1699 qui
1082 1605 1301 1699 aequalium
1325 1605 1528 1700 impatiens

402 1742 501 1810 esset
526 1739 641 1830 atque
669 1736 848 1809 omnihus
881 1736 922 1808 in
954 1737 1058 1810 omni
1086 1759 1126 1811 re
1154 1738 1376 1812 antecellere
1400 1738 1525 1828 vellet,

403 1869 572 1943 invidiae
600 1870 788 1944 obnoxius
816 1870 902 1963 luit,
933 1892 1012 1944 una
1044 1893 1131 1944 oum
1154 1872 1325 1966 sophista
1346 1871 1528 1968 Dionysio

403 2003 584 2078 Milesiol.
621 2004 820 2078 Praeterea
851 2027 936 2078 cum
965 2004 1110 2078 Herode
1136 2005 1275 2099 Attico,
1304 2007 1370 2101 qui
1403 2007 1528 2080 decla-

404 2139 535 2211 mandi
548 2144 675 2212 artem
695 2139 878 2235 usquead
901 2139 1018 2212 linem
1039 2140 1141 2213 vitae
1155 2141 1325 2214 exercuit
1343 2146 1380 2214 et
1399 2142 1529 2214 omni-

363 2279 373 2289 '
404 2273 476 2345 hus
502 2274 635 2346 ceteris
663 2274 811 2346 artibus
839 2278 1032 2369 praestare
1064 2273 1346 2366 existimabat3,
1378 2298 1528 2348 summa

403 2405 664 2480 familiaritate
693 2406 919 2501 conjunctus
951 2412 1020 2498 est,
1043 2407 1098 2481 ita
1129 2413 1173 2480 ut
1198 2409 1247 2481 ah
1276 2431 1320 2482 eo
1348 2409 1529 2503 magister

404 2545 586 2636 paterque
605 2542 836 2614 salutaretur
846 2537 870 2612 ⁸.
889 2540 1071 2636 Denique,
1083 2543 1184 2635 quod
1203 2543 1319 2616 ctiam
1338 2543 1527 2638 insignius

405 2679 475 2765 est,
497 2697 584 2748 cum
604 2675 805 2748 Polemone
826 2676 1113 2748 memorandam
1132 2676 1236 2749 litem
1257 2677 1405 2749 habuit.
1424 2676 1527 2763 Quae

406 2808 610 2899 contenti0,
636 2814 680 2883 ut
698 2813 756 2881 est
777 2830 897 2902 genus
923 2808 1121 2900 irritabile,
1151 2832 1228 2882 non
1248 2812 1359 2883 modo
1378 2815 1525 2898 vatum,

406 2943 472 3016 sed
491 2941 607 3016 etiam
627 2942 897 3036 sophistarum,
920 2943 1013 3015 adeo
1033 2964 1171 3036 aspera
1189 2943 1263 3017 luit
1281 2943 1388 3041 (nam
1406 2966 1529 3038 neque

405 3099 430 3150 a
448 3076 659 3150 maledictis
676 3097 798 3170 neque
818 3099 842 3148 a
860 3075 1017 3149 famosis
1035 3077 1173 3150 libellis
1187 3079 1469 3174 abstinuerunt)
1485 3083 1529 3152 ut

406 3210 479 3305 ipsi
499 3209 742 3299 Philostrat0‚
764 3209 830 3303 qui
850 3209 1014 3281 nimium
1034 3211 1214 3305 sophistis
1235 3211 1379 3306 alioqui
1401 3212 1528 3284 indul-

404 3358 493 3440 gere
511 3345 617 3435 solet,
640 3344 795 3421 modum
822 3344 1026 3417 excessisse
1052 3349 1089 3417 et
1112 3345 1403 3439 reprehensione
1421 3346 1527 3440 digni

403 3478 521 3552 luisse
540 3477 771 3552 viderentur.
798 3477 903 3549 Dixit
925 3478 1040 3550 etiam
1060 3477 1144 3572 jure
1163 3478 1372 3574 sophistam
1392 3502 1415 3552 a
1435 3480 1527 3574 qui-

402 3613 565 3685 busdam
584 3613 817 3707 appellatum
831 3611 948 3684 luisse
967 3612 1213 3705 Favorinum,
1234 3614 1415 3708 quoniam
1438 3636 1525 3687 cum

403 3747 574 3842 sophista
593 3747 805 3820 simultates
824 3746 1053 3819 exercuisset
1074 3770 1082 3818 :
1108 3747 1402 3821 aemulationem
1422 3749 1524 3822 enim

401 3881 478 3955 lere
496 3903 574 3954 non
600 3881 829 3954 intercedere
855 3880 929 3953 nisi
958 3881 1056 3954 inter
1081 3880 1250 3976 ejusdem
1270 3883 1364 3956 artis
1383 3883 1525 3978 profes-

400 4018 540 4090 sores⁵.

437 4212 446 4246 ¹
467 4211 656 4280 Spartianus,
672 4208 778 4277 naar,
794 4211 866 4266 XVI.
881 4211 923 4266 Gl.
938 4225 1041 4281 supra,
1053 4227 1083 4281 p.
1097 4213 1129 4266 11
1146 4227 1193 4283 sq.

436 4299 447 4333 ²
466 4301 592 4356 Cassius
606 4300 670 4369 Dio,
686 4301 782 4370 LXIX,
796 4298 831 4370 3;
847 4301 1061 4372 Philostratus
1076 4302 1107 4358 V.
1119 4300 1162 4371 8.,
1176 4303 1199 4373 Ι,
1213 4315 1279 4374 vm,
1295 4303 1351 4358 1-2.
1361 4302 1403 4358 Gl.
1419 4315 1524 4373 supra,

401 4389 678 4549 p‘iiiiiastratus,
691 4476 778 4546 ibid,
794 4479 817 4549 I,
831 4492 902 4550 xxv,
918 4479 961 4535 13.

435 4566 446 4601 ⁴
465 4569 520 4640 lu,
536 4567 620 4637 ibid,
638 4568 660 4640 l,
675 4581 742 4638 v111,
758 4568 784 4624 4.
799 4569 957 4641 utsupra,
971 4570 1077 4639 peel
1091 4571 1159 4632 adn.
1175 4572 1201 4636 4.

435 4655 446 4690 ⁵
465 4657 519 4729 la,
535 4657 619 4728 ibid,
636 4659 740 4730 1,vu1,
756 4657 782 4714 5.
797 4659 839 4716 cf.
852 4673 956 4730 supra,
969 4674 1000 4728 p.
1013 4659 1030 4714 8
1046 4674 1094 4730 sq.
