3648 5528
667 561 702 606 bn
725 560 859 607 ravennii
879 539 1060 628 πολυμαθία.
1391 537 1428 600 83
1463 607 1465 610 ,

305 715 391 766 rum
418 695 795 789 exsequentissimus
823 694 1371 790 affirmatissimescripserint
1394 721 1426 772 a.

309 852 327 899 α
350 829 459 902 Libet
478 829 607 920 etiam,
631 830 769 923 inquit,
786 850 899 921 super
913 850 953 901 re
973 835 1051 902 tam
1072 831 1292 902 abhorrenti
1312 852 1335 903 a
1354 829 1431 902 fide

307 962 427 1056 ipsius
448 963 627 1036 Favorini
652 965 770 1037 verba
794 974 967 1058 poneret
992 989 1011 1034 »
1034 963 1118 1036 Alio
1138 963 1232 1056 loco,
1257 969 1433 1037 narrata

307 1095 497 1170 Favorino
519 1097 639 1171 facete
658 1103 696 1172 et
719 1098 842 1192 lepide
862 1097 1017 1170 irrisum
1038 1119 1120 1171 esse
1138 1099 1434 1193 grammaticum

308 1231 512 1324 quendam,
537 1233 603 1326 qui
627 1232 797 1326 ineptam
817 1237 854 1304 et
873 1231 989 1304 nimis
1014 1232 1193 1305 subtilem
1219 1233 1433 1305 doctrinam

308 1366 536 1456 ostentabat,
554 1387 641 1438 cum
662 1365 742 1460 ipse
765 1389 781 1437 u
805 1386 997 1438 sermones
1017 1365 1055 1438 id
1073 1388 1195 1460 genus
1214 1387 1435 1439 communes

308 1522 332 1571 a
350 1500 464 1572 rebus
483 1500 613 1593 parvis
628 1504 666 1572 et
684 1490 832 1593 frigidis
847 1498 1051 1572 abduceret
1070 1500 1119 1572 ad
1133 1522 1178 1573 ea
1194 1522 1292 1595 quae
1312 1499 1436 1594 magis

309 1633 402 1706 utile
429 1638 528 1706 esset
559 1633 692 1706 audire
720 1654 764 1706 ac
797 1633 1012 1707 discerem).
1049 1634 1109 1706 Ad
1141 1634 1226 1726 hoo,
1268 1634 1437 1707 vidimus

310 1767 543 1841 Favorinum
569 1789 701 1840 aarum
722 1777 966 1861 rerumquae
992 1768 1041 1840 ad
1061 1789 1185 1841 mores
1203 1768 1438 1862 pertinerent

310 1901 468 1974 minime
496 1901 614 1974 luisse
643 1900 876 1973 incuriosum
906 1905 944 1974 et
971 1900 1043 1994 ipsi
1076 1901 1195 1974 Gellio
1224 1901 1436 1975 consulenti

311 2057 589 2128 nonnunquam
619 2034 743 2107 decis
773 2035 888 2107 rebus
917 2035 1168 2128 respondisse.
1202 2034 1438 2129 Quapropter

311 2187 403 2240 sane
419 2166 639 2240 incredibile
654 2174 711 2240 est
730 2167 906 2258 Gellium,
925 2167 965 2239 in
985 2172 1064 2240 tam
1082 2167 1220 2262 grandi
1239 2167 1434 2240 volumine

311 2301 393 2395 ejus
414 2323 529 2394 quem
548 2301 818 2395 philosophum
837 2322 973 2374 vocare
997 2302 1155 2393 solebat,
1168 2301 1268 2374 nihil
1281 2301 1438 2374 omnino

305 2433 698 2508 ¹inventu1¹11mf11isse
725 2439 786 2502 ὅττι
811 2462 855 2503 τοι
884 2443 913 2508 ἐν
936 2439 1090 2523 μεγάροισι
1108 2439 1199 2502 κακὸν
1219 2436 1245 2503 τ’
1270 2435 1380 2522 ἁγαθὲν
1404 2464 1437 2503 τε
1478 2407 1480 2412 ¹

311 2577 458 2652 τέτυκται,
487 2574 601 2664 atque
639 2569 739 2642 inter
770 2568 938 2642 hominis
968 2569 1123 2661 librum,
1158 2590 1179 2641 e
1210 2568 1438 2642 lectionibus

312 2701 534 2795 conflatum,
565 2707 603 2777 et
635 2702 805 2797 ejusdem
839 2724 1044 2794 sermones
1066 2703 1133 2796 qui
1158 2724 1178 2776 e
1209 2701 1436 2776 lectionibus

313 2835 496 2909 nimirum
522 2837 802 2929 redundabant,
830 2841 979 2910 tantam
1006 2837 1301 2930 discrepantiam
1320 2837 1437 2910 luisse

313 2971 619 3044 intercessuram.
656 2970 734 3043 Hoc
766 2975 865 3044 certe
896 2970 1078 3043 Photius³
1116 2969 1302 3064 judicium
1333 2970 1435 3062 tulit,

315 3127 392 3178 ncn
411 3105 567 3199 quidem
588 3105 634 3177 de
650 3104 771 3198 ipsius
781 3104 960 3177 Favorini
974 3105 1120 3198 opere‘,
1140 3104 1205 3177 sed
1220 3104 1266 3177 de
1286 3103 1439 3199 Sopatri

229 3233 234 3244 '
314 3236 484 3336 Ecloqis,
509 3260 672 3334 quarum
691 3238 827 3312 tertius
846 3227 943 3312 Iiber
965 3259 1012 3311 ex
1034 3234 1250 3335 Omniqeaa
1276 3235 1440 3312 historio

315 3373 452 3447 ductus
478 3378 591 3446 brat:
622 3375 708 3460 Πρὸς
733 3373 841 3461 ἀρετὴν
870 3377 919 3440 καὶ
952 3373 1173 3460 καλοκάγαθίαν
1203 3375 1330 3440 πλεῖστά
1363 3381 1439 3440 ἐστιν

315 3509 410 3575 αὐτῶν
427 3504 673 3574 ἁπανθίσασθαιῧ.

353 3793 362 3828 ¹
383 3792 507 3862 Gellius
521 3791 558 3846 N.
572 3790 618 3860 A„
634 3793 669 3861 X,
685 3803 740 3846 xn.

353 3880 364 3914 ²
382 3881 437 3946 ld,
454 3879 537 3950 itia,
550 3882 597 3951 IV,
613 3893 634 3950 1,
647 3880 691 3934 19.

353 3969 364 4002 ³
382 3971 519 4040 PhotiuS,
535 3969 626 4037 Bion,
645 3969 713 4026 cod.
732 3967 795 4036 161,
813 3982 843 4036 p.
862 3967 928 4022 105ει
951 3968 1000 4023 ed.
1021 3965 1151 4023 Bekker.

264 4115 268 4126 ,
353 4058 363 4092 ⁴
383 4059 468 4125 Quod
483 4059 663 4128 imprudens
678 4059 752 4112 mibi
771 4057 888 4113 dixisse
904 4058 1025 4113 videtur
1039 4057 1077 4111 M.
1094 4057 1214 4112 Groiset
1237 4055 1328 4122 (Hist.
1356 4056 1392 4110 de
1414 4055 1445 4111 la

318 4148 392 4204 Litt.
410 4149 519 4219 Gr.‚V,
533 4163 563 4217 p.
579 4147 657 4215 577).

354 4238 365 4271 ⁵
384 4239 440 4292 Hic
452 4238 552 4293 obiter
564 4240 733 4293 memoratu
746 4237 871 4304 dignum
882 4240 932 4291 est
949 4235 1168 4304 compendium
1192 4235 1266 4290 illud
1286 4235 1356 4290 ideo
1383 4235 1446 4289 lau-

319 4328 384 4382 dari
397 4342 415 4382 a
427 4327 534 4382 Photio
547 4327 620 4397 quia
632 4329 663 4381 et
678 4326 716 4380 ad
727 4327 922 4394 omnigenam
938 4325 1101 4381 scientiam
1128 4329 1160 4380 et
1181 4325 1220 4379 ad
1245 4338 1348 4380 mores
1364 4323 1447 4378 etad

320 4417 504 4471 rhetoricam
526 4416 792 4484 sophisticamque
817 4418 915 4469 artem
939 4414 1103 4482 plurimum
1128 4414 1275 4470 conferat.
1297 4413 1375 4472 Nam
1400 4412 1447 4468 eis
1467 4458 1469 4464 .

319 4506 397 4574 ipsis
417 4505 570 4574 laudibus
590 4505 711 4560 inverso
726 4504 843 4573 ordine,
866 4503 977 4572 dignus
1003 4503 1101 4557 fuisse
1129 4503 1296 4557 Favorinus
1323 4515 1448 4572 quoque

321 4595 411 4650 nobis
437 4596 524 4649 visus
544 4599 606 4652 est.
624 4594 805 4664 Quanquam
818 4607 857 4648 ex
866 4592 1128 4661 praecedentibus
1143 4592 1242 4648 Photii
1257 4591 1362 4648 verbis
1385 4576 1448 4660 (καὶ
