3676 5528
725 555 761 596 on
783 553 850 598 vrrs
872 553 1015 598 mvoenvr.
1347 529 1351 542 '
1397 536 1431 594 ll

311 686 451 758 multos
470 684 586 758 etiam
606 683 723 757 fuisse
744 684 854 757 credo
868 685 948 778 qui,
971 706 1057 758 oum
1073 684 1217 757 nullius
1240 683 1333 757 artis
1350 685 1435 757 lau-

311 821 397 893 dem
413 819 649 910 affectarent,
668 819 706 891 id
726 818 819 890 satis
838 819 1033 892 habebant
1054 819 1085 891 si
1107 820 1170 892 vel
1183 841 1231 892 ex
1250 818 1343 912 ipsis
1359 839 1436 891 ser-

311 954 489 1027 monibus
512 957 550 1025 et
573 952 764 1025 cotidiana
783 952 1070 1049 consuetudine,
1095 952 1175 1025 sive
1195 953 1297 1047 apud
1321 973 1435 1025 men-

312 1111 393 1162 sam
440 1088 520 1160 sive
568 1087 668 1159 inter
715 1086 1012 1177 ambulandum,
1059 1087 1164 1160 haud
1208 1086 1435 1160 mediocrem

310 1221 600 1295 oblectationem
637 1220 918 1313 utilitatemque
946 1220 1193 1314 perciperent,
1230 1221 1324 1293 adeo
1356 1218 1433 1293 non

311 1357 422 1428 modo
450 1354 595 1427 facetus
634 1359 749 1448 atque
788 1354 973 1444 urbanus,
1010 1355 1075 1426 sed
1115 1354 1245 1427 variae
1274 1354 1436 1426 immen-

311 1511 449 1584 saeque
475 1487 668 1561 doctrinae
687 1489 801 1559 homo
827 1491 921 1560 erat.
945 1487 1052 1574 Quod
1076 1487 1186 1561 facile
1208 1487 1437 1561 intellexerit

311 1624 343 1698 si
374 1623 461 1718 quis
492 1622 554 1695 vel
585 1621 726 1694 cursim
753 1620 937 1694 evolverit
963 1621 1072 1695 Gellii
1099 1619 1241 1696 Noctes
1274 1620 1435 1706 Atticos,

311 1779 386 1851 quo
405 1755 570 1850 profecto
585 1725 697 1827 nemo
716 1755 839 1848 magis
854 1754 1006 1828 assidue
1021 1755 1253 1828 Favorinum
1271 1760 1436 1828 sectatus

311 1893 379 1960 aut
392 1887 674 1961 vehementiore
693 1888 946 1961 admiratione
964 1889 1184 1983 complexus
1209 1893 1279 1961 est.
1300 1913 1319 1959 «
1340 1890 1436 1961 Cum

312 2021 514 2112 Favorino,
527 2021 665 2115 inquit,
681 2021 823 2094 Romae
838 2022 918 2095 dies
933 2023 1156 2117 plerumque
1170 2026 1269 2094 totos
1284 2037 1436 2095 eramus

311 2156 537 2248 tenebatque
556 2155 705 2228 animos
720 2157 833 2228 homo
853 2155 1300 2247 illefandidulcissimus‚
1320 2161 1434 2250 atque

311 2287 416 2381 eum,
439 2311 591 2384 quoquo
615 2289 698 2380 iret,
728 2290 1052 2384 prosequebamur
1078 2313 1086 2362 :
1115 2290 1170 2363 ita
1193 2289 1434 2363 sermonibus

312 2444 587 2516 usquequaque
606 2422 886 2495 amoenissimis
905 2423 1176 2497 demulcebat¹.
1202 2449 1221 2494 r>

254 2627 256 2632 ,
361 2557 497 2629 Nullus
516 2578 606 2629 vero
620 2556 801 2628 Favorini
816 2557 1027 2629 amicorum
1046 2559 1210 2631 nobilior
1227 2557 1301 2630 fuit
1319 2580 1437 2652 quam

312 2691 519 2785 imperator
533 2689 750 2762 Hadrianus
764 2713 772 2762 :
786 2712 900 2784 quem
919 2696 1073 2785 propter
1091 2691 1130 2763 id
1150 2692 1276 2785 ipsum
1297 2712 1438 2763 memo-

303 2825 484 2920 ravimus
507 2823 700 2915 ultimum‚
722 2845 798 2896 non
826 2829 1008 2918 tanquam
1029 2826 1171 2898 Romae
1186 2826 1340 2898 demum
1356 2824 1388 2919 ej
1396 2846 1439 2896 us

311 2958 476 3052 gratiam
502 2957 716 3031 Favorinus
742 2957 814 3031 sibi
839 2959 1099 3032 conciliaverit
1126 2965 1164 3032 et
1196 2959 1434 3031 alienaverit.

312 3093 409 3166 Nam
429 3093 549 3165 multo
568 3091 725 3186 propius
744 3091 861 3165 fidem
890 3096 948 3165 est
974 3093 1053 3187 jam
1082 3093 1123 3164 in
1150 3093 1308 3166 Graecia
1334 3092 1436 3165 etin

313 3227 407 3299 Asia
432 3230 564 3298 natam
591 3246 672 3298 esse
696 3246 782 3298 eam
801 3226 1033 3323 amicitiam,¹
1053 3227 1185 3300 eadem
1211 3226 1289 3300 fere
1313 3231 1438 3302 aetate

313 3383 390 3455 qua
409 3382 497 3433 oum
517 3359 663 3432 Herode
683 3359 997 3432 consuetudinem
1011 3360 1169 3454 jnnxiu.
1189 3361 1298 3433 Hunc
1317 3361 1439 3456 impe-

313 3500 478 3567 ratorem
499 3493 626 3566 sciunt
646 3514 791 3584 omues,
817 3515 904 3566 cum
923 3499 979 3566 tot
998 3500 1036 3567 et
1054 3499 1163 3568 tanta
1183 3496 1336 3588 negotia
1357 3518 1439 3568 sus-

312 3629 462 3718 tineret,
485 3627 700 3699 litterarum
728 3626 946 3720 artiumque
974 3629 1284 3702 amantissimum
1305 3629 1434 3702 fuisse.

314 3764 408 3836 Cum
442 3765 570 3834 autem
608 3760 648 3833 in
687 3782 839 3833 summa
876 3760 1138 3835 familiaritate
1170 3762 1435 3857 philosophoS,

312 3895 594 3992 grammaticos
615 3896 798 3984 rhetores
821 3895 999 3986 musicos,
1020 3901 1243 3990 geometras,
1261 3896 1436 3991 pictores,

313 4156 372 4221 est,
384 4153 511 4207 Romam
523 4151 607 4207 veuit
617 4151 802 4219 imperatore
812 4149 878 4204 Tito
889 4150 1041 4204 Antonino
1052 4151 1104 4205 Pio
1117 4151 1342 4220 (Philostratus
1351 4151 1380 4206 V.
1393 4149 1435 4219 S.,

314 4242 451 4311 ll,v‚2):
472 4242 609 4295 Athenas
631 4245 734 4295 autem
760 4241 882 4294 demum
907 4243 1055 4308 regnante
1080 4241 1117 4294 M.
1141 4241 1262 4295 Aurelio
1287 4242 1439 4295 Antonino

314 4331 439 4385 venisse
463 4334 556 4398 atque
581 4330 662 4384 baud
685 4330 776 4398 longe
799 4332 949 4383 moratum
972 4329 1013 4383 ibi
1037 4342 1110 4383 esse
1137 4344 1172 4384 se
1200 4331 1362 4397 professus
1390 4335 1440 4384 est

315 4420 382 4488 (ld,
394 4416 477 4488 ibid,
487 4419 523 4488 ΙΙ,
536 4431 565 4488 v,
578 4417 596 4471 3
610 4422 642 4472 et
653 4418 691 4484 4).

352 4509 358 4542 ¹
378 4507 503 4576 Gellius,
517 4505 553 4561 N.
566 4507 611 4576 A„
625 4507 698 4576 XVI,
711 4519 757 4576 111,
771 4507 797 4560 f.

350 4597 362 4632 ²
381 4597 422 4652 Gf.
440 4611 544 4667 supra,
558 4611 588 4665 p.
603 4596 630 4666 9,
644 4597 714 4651 adn.
731 4595 757 4651 3.
