3648 5528
649 535 685 576 on
706 534 840 578 rtvomm
860 514 1044 600 πολυμαθίᾳ.
1375 509 1413 568 79
1495 504 1497 508 ’

289 667 382 740 adeo
400 670 444 738 ut
462 664 676 760 Electorum
695 664 988 738 commentarios
1003 669 1155 738 centum
1170 663 1418 758 atsexaginta

289 799 420 894 nepoti
437 799 682 892 relinqueret,
705 798 759 871 sio
782 821 830 872 ex
844 798 1030 893 ejusmodi
1046 798 1232 892 excerptis
1251 797 1417 870 conflata

290 933 408 1006 inisse
427 933 563 1027 opinor
581 954 626 1005 ca
654 931 834 1005 Favorini
854 953 968 1026 opera
991 954 1089 1026 quae
1105 934 1286 1014 Πανττδτπὴ
1308 938 1418 1018 ἱστορία

290 1074 328 1143 et
352 1068 662 1152 Ἀπομνημονεύματα
686 1067 1003 1158 inscribebantur,
1028 1071 1143 1161 alque
1169 1065 1209 1138 ln
1236 1065 1274 1138 ld
1296 1085 1418 1159 genus

290 1202 496 1296 redigenda
514 1201 615 1294 quod
635 1206 782 1274 veteres
802 1206 1041 1284 οπομνηματιπὸν
1057 1199 1419 1272 nominabant'ler-

292 1338 389 1411 tium
404 1335 520 1409 etiam
545 1335 814 1408 collectaneum
836 1357 931 1428 opus
957 1336 1005 1408 ah
1035 1355 1079 1408 eo
1098 1333 1310 1407 coniectum
1337 1328 1419 1405 esse

293 1472 449 1566 quidam
479 1469 660 1563 suspicati
689 1473 791 1541 sunt.
823 1467 919 1541 Nam
951 1447 1168 1562 Stephanus
1195 1467 1416 1562 Byzantius,

294 1629 324 1679 s.
338 1630 377 1678 ν.
398 1602 536 1685 ‘Parae
554 1608 688 1678 testem
698 1608 879 1697 provocat
892 1601 1124 1676 Favorinum
1141 1610 1169 1668 ἐν
1186 1610 1310 1690 ἑπιττμη
1326 1601 1419 1686 δ’της

295 1743 489 1826 Παμφυλίας,
506 1737 608 1831 quod
635 1736 746 1809 valde
775 1737 985 1810 absurdum
1007 1705 1077 1810 est.
1104 1735 1261 1808 Duobus
1291 1737 1419 1807 autem

295 1871 488 1945 codicibus
524 1893 618 1943 usus
650 1870 862 1943 Mcinekius
897 1869 1064 1943 restituit
1101 1878 1131 1937 ἐν
1158 1877 1281 1956 ἐπιτομῇ
1308 1867 1336 1934 δ’
1366 1884 1420 1950 της

296 2009 471 2091 Παμφίλης.
503 2003 609 2076 Unde
645 2003 771 2077 eiiecit
807 1973 1041 2076 Fauorinum
1076 2003 1116 2074 in
1154 1998 1421 2094 compendium

295 2137 482 2230 redegisse
498 2138 721 2232 Pamphilae
734 2136 1041 2211 Commentarios
1055 2133 1258 2209 historicos
1273 2134 1299 2225 ¹,
1314 2131 1423 2205 addi-

296 2270 426 2363 ditque
446 2270 545 2344 idem
565 2255 650 2366 post
665 2271 897 2344 Favorinum
924 2294 947 2343 a
977 2269 1136 2365 Sopatro
1160 2289 1241 2342 esse
1263 2267 1419 2339 iactum.

297 2403 379 2478 Non
408 2406 520 2478 abre
547 2404 716 2478 alienum
753 2410 811 2479 est
838 2424 1134 2478 commemorare
1168 2402 1294 2497 ipsum
1314 2399 1423 2471 illum

300 2538 516 2633 Sopatrum,
539 2539 605 2633 qui
625 2543 756 2634 postea
766 2561 814 2612 ex
827 2538 1007 2612 Favorini
1021 2535 1235 2633 Omnipeoo
1248 2531 1422 2616 historio,

299 2680 333 2739 ἔκ
344 2701 376 2740 τε
390 2688 440 2741 τοῦ
457 2701 474 2770 νΙ
483 2677 531 2740 καὶ
545 2688 596 2740 τοῦ
613 2676 628 2753 ξ
642 2678 690 2740 καὶ
700 2677 829 2757 καθεξῆς
840 2679 919 2756 πλὴν
935 2687 1012 2740 τοῦτ
1025 2680 1114 2759 μέχρι
1128 2685 1177 2738 τοῦ
1192 2699 1214 2737 ω
1225 2669 1424 2763 depromp-

300 2804 349 2878 sit
369 2805 525 2878 tertium
553 2828 710 2879 suarum
736 2805 894 2894 Ἐπλτγῶν
916 2806 1057 2878 librum
1079 2803 1105 2896 ²,
1137 2804 1299 2876 alterum
1328 2823 1425 2874 con-

289 2935 412 3012 flasse
431 2960 508 3012 non
523 2939 678 3034 quidem
697 2963 745 3014 ex
768 2939 1070 3015 Commentariis
1097 2935 1304 3022 historicis,
1324 2937 1425 3031 quod

300 3071 459 3145 credidit
467 3073 691 3167 Meinekius‚
705 3076 770 3148 sed
781 3097 828 3148 ex
836 3074 1006 3169 ejusdem
1016 3072 1238 3167 Pamphilae
1255 3070 1424 3154 Ἐπιτομῶν

300 3207 418 3293 πρώτου
438 3212 531 3296 λάγου
547 3213 595 3275 κκὶ
619 3212 747 3293 καθεξῆς
769 3217 858 3296 μέχρι
879 3223 928 3276 τοῦ
952 3211 1075 3275 δεκάτου
1091 3207 1115 3270 ³·
1145 3204 1239 3277 Mihi
1259 3225 1361 3293 Vero,
1383 3206 1427 3275 Ul

302 3336 515 3410 Favorinus
540 3343 717 3432 excerpta
749 3359 949 3432 excerpere
981 3359 1058 3409 non
1099 3338 1328 3432 dedignatus
1361 3335 1423 3426 sit,

209 3487 211 3494 ·
302 3476 431 3544 tomen
451 3472 571 3546 mirus
585 3471 718 3568 utique
736 3459 889 3545 videtur
907 3471 1043 3545 titulus
1059 3475 1235 3561 Φαοωρῑντς
1251 3480 1280 3538 ἐν
1302 3479 1426 3560 ἑπιττμη
1534 3553 1538 3562 .

300 3749 304 3754 ’
340 3768 348 3802 ¹
369 3767 489 3838 Suidas,
502 3765 593 3838 Lea,
609 3782 638 3824 s,
652 3782 684 3823 ν.
699 3753 851 3836 ’Παμφίλη
870 3771 876 3815 :
892 3749 1022 3837 ἱστορικά
1038 3756 1234 3832 ὑπομνήματα
1254 3754 1284 3812 ἐν
1307 3751 1429 3826 βιὸλίοις

306 3840 372 3927 λη’.
386 3856 429 3911 cr.
450 3837 588 3927 roonis,
608 3856 699 3925 aior,
716 3856 788 3912 cod.
802 3855 865 3926 175,
885 3871 915 3925 p.
935 3854 1002 3909 uer
1032 3854 1084 3912 eo.
1104 3854 1238 3908 nemer:
1260 3841 1429 3918 συμμίκτων

305 3937 462 4016 ἱστορικῶν.
477 3933 695 4012 ὑπομνημάτων
719 3933 806 4015 λόγοι
828 3929 883 4012 η’,
905 3945 993 4012 Diog.
1018 3944 1067 4012 L.,
1086 3944 1121 4012 V,
1141 3941 1200 3996 36:
1227 3927 1373 4009 Παμφίλη
1399 3929 1428 3987 ἐν

305 4026 346 4104 τῷ
359 4018 410 4084 λό’
425 4027 482 4085 τῶν
504 4022 722 4102 ὑπομνημάτων
737 4040 744 4100 ;
762 4035 887 4104 Gellius,
900 4033 936 4088 N.
948 4033 994 4102 Α,
1005 4033 1065 4102 XV,
1077 4029 1178 4100 xvn,3
1190 4047 1196 4085 :
1207 4049 1220 4082 ‹<
1235 4031 1264 4084 in
1278 4041 1431 4106 commen-

306 4124 383 4179 tario
396 4124 573 4192 Pamphilae
590 4139 670 4180 nono
686 4128 718 4180 et
729 4123 877 4180 vicesimo
890 4143 917 4178 ν.

342 4211 353 4245 ²
371 4213 508 4283 Photius‚
534 4212 627 4284 etet,
647 4214 715 4269 cod.
735 4213 798 4284 161,
817 4228 847 4282 p.
866 4212 940 4268 103b
972 4212 1019 4268 ed.
1038 4211 1164 4266 Bekker.
1184 4210 1226 4265 Gi.
1239 4209 1326 4278 infra,
1338 4222 1368 4277 p.
1385 4205 1430 4276 87,

307 4302 380 4361 adn.
397 4301 427 4356 3.

342 4394 353 4428 ³
371 4392 509 4462 photius,
525 4390 622 4461 met,
634 4392 705 4447 cod.
720 4391 783 4462 161,
797 4407 830 4461 p.
849 4391 985 4447 lotrad.
1001 4390 1127 4446 Bekker.
1140 4389 1186 4444 Cf.
1207 4387 1327 4456 suidas
1344 4384 1431 4455 tce„

309 4494 337 4536 S.
355 4495 386 4536 ν,
421 4465 597 4550 [Ιαμηίληῖ
634 4469 769 4548 ἐπιτομαὶ
794 4473 924 4551 ἱστοριῶν
949 4492 981 4531 τε
1005 4467 1053 4530 καὶ
1077 4471 1185 4550 ἑτέρων
1211 4466 1329 4542 βιάλίων
1353 4485 1434 4541 παμ·
1541 4455 1545 4464 ’

308 4559 467 4621 πλείστων.
