3676 5528
688 627 723 669 on
745 626 885 670 raronmo
904 624 1088 668 rnnosorno.
1413 607 1449 670 51

327 759 550 831 memoriam
567 764 748 831 revocant
776 758 966 831 Ciceronis
988 758 1106 831 verba
1134 778 1249 851 sopra
1267 757 1424 831 laudata
1442 781 1449 830 :

329 916 349 962 a
380 896 472 964 sunt
503 897 605 965 certa
640 892 813 986 quaeda
849 891 931 964 vita
962 891 1191 964 inhonorata
1221 896 1258 965 el
1290 892 1454 987 ingloria

326 1025 400 1099 dloi
426 1026 610 1099 soleant»
631 1049 639 1098 :
666 1048 757 1099 nam
781 1031 919 1099 cuncta
947 1030 1015 1113 περὶ
1037 1027 1181 1113 ἀναρχίας
1201 1026 1282 1099 sive
1310 1027 1352 1098 in
1376 1009 1454 1100 me·

325 1159 523 1233 diocritate¹
557 1159 713 1246 versari,
736 1159 915 1233 videntur
954 1165 1069 1254 atque
1105 1181 1154 1232 ex
1183 1180 1263 1232 una
1294 1160 1454 1233 eadem-

327 1315 400 1388 qne
425 1293 701 1367 declamatione
726 1293 844 1366 faisse
878 1297 1055 1388 excerpta
1081 1315 1172 1388 qua,
1199 1294 1318 1367 Gellio
1343 1299 1451 1386 teste,

328 1429 509 1506 docuerat
540 1425 754 1501 Favorinus
796 1427 927 1500 multis
965 1449 1075 1522 egere
1112 1449 1200 1522 eum
1227 1427 1294 1522 qui
1333 1429 1455 1502 multa

327 1561 519 1635 baberet¹.
561 1561 889 1634 Declamationum
927 1560 1030 1634 enim
1082 1583 1238 1634 suarum
1280 1563 1454 1636 nonnul-

325 1696 383 1768 las
402 1695 570 1774 inlibris
590 1695 750 1789 scriptas
764 1694 963 1789 reliquisse
983 1716 1070 1768 enm
1095 1695 1196 1768 idem
1216 1695 1359 1769 Gellius
1377 1701 1453 1769 tes

325 1831 466 1904 tatur2.

374 1964 503 2060 Neque
517 1984 608 2037 vero
628 1964 751 2037 solum
774 1963 979 2038 senectutis
997 1963 1061 2037 rel
1079 1963 1350 2038 mediocritatis
1370 1987 1453 2040 sus-

325 2106 477 2194 ceptum
496 2097 752 2193 patrocinium
770 2099 820 2171 ad
834 2097 1117 2194 philosophiam
1131 2097 1320 2192 portinere
1338 2121 1451 2174 nemo

326 2233 535 2329 negaverit,
557 2233 622 2306 sed
637 2254 685 2306 ne
699 2233 816 2307 febris
834 2233 989 2329 quidem
1008 2234 1069 2305 vel
1095 2234 1291 2307 Thersitae
1316 2234 1451 2310 laudes

325 2390 448 2442 meros
475 2367 593 2440 fuisse
616 2368 725 2440 lusus
752 2366 942 2440 existimo.
966 2366 1041 2461 lpsi
1065 2367 1168 2440 enim
1199 2369 1320 2460 stoici,
1355 2392 1451 2464 quos

323 2502 518 2598 paradoxa
546 2523 624 2576 non
663 2501 926 2575 reformidasse
957 2503 1084 2574 cuncti
1119 2508 1321 2596 noverunt,
1357 2505 1452 2578 talia

324 2659 404 2711 sese
430 2635 589 2731 indigna
610 2657 687 2709 non
715 2635 1015 2709 arbitrabantur.
1047 2636 1152 2709 Dixit
1183 2635 1378 2731 Epictetus
1402 2659 1451 2712 ex

322 2772 377 2845 eis
403 2773 516 2846 rebus
544 2792 640 2865 quas
669 2772 811 2858 ἀδιάφορα
844 2765 1071 2844 nominabat
1102 2793 1273 2866 quasque
1311 2773 1450 2868 vulgus

323 2908 426 2980 mala
444 2911 579 3001 putare
606 2906 701 2978 solet
720 2904 927 3010 utilitatem
946 2906 1142 2999 quandam
1162 2927 1271 3000 pesse
1290 2907 1446 3003 percipi,

322 3046 360 3114 et
384 3040 609 3135 sapientem,
634 3039 746 3134 qnasi
774 3039 909 3112 divina
931 3038 1083 3132 virgula
1111 3062 1238 3132 usum,
1271 3046 1445 3135 mortem,

321 3176 524 3266 morbum,
540 3173 791 3248 contumelias
821 3194 898 3246 non
935 3173 976 3244 in
1008 3195 1160 3266 aurum,
1193 3175 1321 3248 sedin
1349 3178 1450 3251 bona

220 3543 224 3553 -
324 3527 427 3582 supra,
444 3528 473 3580 p.
488 3511 532 3582 49,
544 3513 615 3567 ado.
629 3511 668 3581 3),
686 3512 738 3567 ubi
754 3512 940 3580 agricultura
952 3517 984 3566 et
1001 3526 1053 3566 rus
1068 3512 1193 3567 laudata
1206 3518 1287 3583 sunt,
1301 3518 1448 3585 tanquam

322 3603 439 3671 optime
455 3602 671 3670 philosophiae
683 3601 918 3656 accommodata
937 3601 1111 3671 (Stobaeos,
1127 3598 1223 3668 Flor„
1237 3603 1307 3674 LVI,
1316 3602 1352 3658 18
1365 3627 1397 3650 =
1410 3606 1447 3675 ll,

323 3707 355 3759 p.
370 3691 423 3745 337
441 3691 507 3759 Ml,
525 3692 703 3746 nonnullam
726 3690 957 3745 similitudinem
979 3705 1050 3745 cum
1073 3691 1220 3747 Cicerone
1240 3695 1379 3760 praebet.
1398 3697 1448 3750 So-

323 3783 423 3836 lemne
439 3782 520 3836 enim
533 3785 600 3836 erat
612 3780 695 3849 apud
708 3779 835 3849 cynicos
851 3781 880 3833 in
892 3781 1012 3834 urbium
1023 3781 1173 3835 luxuriem
1185 3782 1320 3852 vitiaque
1334 3784 1446 3840 invehi.

358 3873 365 3906 ¹
388 3871 550 3941 Stobaeus,
568 3868 664 3938 Flor„
682 3870 778 3939 XLIX,
798 3869 834 3923 14
847 3874 879 3924 et
895 3869 944 3939 48;
970 3869 1067 3939 XCIV,
1080 3869 1136 3940 293
1152 3870 1234 3941 XCV,
1250 3872 1286 3926 44
1297 3873 1343 3943 (ir.
1365 3872 1448 3929 8e83

324 3961 383 4028 hl).
398 3957 588 4030 cf.Ge11.‚N.
605 3959 653 4023 Α.,
669 3960 841 4028 lX‚V111‚et
856 3959 925 4014 Fav.
941 3972 992 4028 ap.
1004 3959 1099 4028 Stob,
1112 3960 1209 4029 XLIX,
1224 3960 1269 4016 48.

358 4048 370 4083 ²
388 4049 514 4118 Gellius,
527 4047 563 4103 N.
575 4047 622 4112 Α.,
634 4048 721 4116 XVII,
738 4059 793 4117 xri,
805 4047 1030 4102 succlamatio
1046 4035 1114 4117 περὶ
1129 4036 1222 4119 εὐχῆς
1240 4051 1279 4118 (si
1296 4053 1387 4108 modo
1405 4053 1448 4108 ita

324 4141 409 4192 recte
426 4138 557 4205 legitur:
576 4137 614 4192 ci.
634 4136 740 4191 Dionis
756 4149 839 4204 spur.
856 4140 931 4191 orat.
948 4125 1016 4206 περὶ
1030 4128 1138 4207 τύχης,
1154 4126 1223 4208 περὶ
1237 4125 1372 4210 >clangit
1388 4143 1447 4198 poc

324 4223 385 4281 uno
406 4241 467 4282 non
492 4226 657 4282 admodum
677 4226 783 4293 ignota
802 4226 955 4296 estquod
971 4224 1367 4299 Phrynichus'attieista(p.
1384 4231 1447 4302 244,

324 4316 373 4370 ed.
387 4315 520 4382 Lobeokt
532 4316 574 4371 ibi
590 4316 772 4371 vocabulum
788 4304 910 4365 διδοῦσιν
931 4316 1029 4370 fuisse
1044 4320 1186 4371 testatur.
1203 4318 1368 4375 Marrasius
1384 4324 1446 4392 (op.

326 4403 636 4473 laud.,p.86)ooniert
648 4405 890 4472 disputationem
905 4405 942 4459 XI
954 4405 1076 4459 Maximi
1088 4405 1214 4476 Tyriiih
1225 4421 1374 4478 quacum
1387 4412 1449 4465 vul-

323 4495 410 4561 geria
418 4499 490 4550 vota
502 4508 539 4549 ac
552 4507 664 4562 preces
675 4499 827 4564 carperet,
839 4494 1067 4562 philosophiam
1078 4495 1155 4548 dixic
1165 4488 1197 4546 rb
1213 4485 1301 4562 μόνον
1312 4489 1450 4569 εὔχεσθαι

324 4569 529 4650 ἐπιστάμενον.
544 4584 607 4652 Ego
623 4595 696 4638 vero
714 4583 870 4638 Iuvenalis
884 4587 942 4638 sat.
964 4585 988 4638 X
1009 4587 1041 4638 et
1057 4583 1154 4638 Persii
1173 4589 1231 4640 sat.
1253 4586 1279 4640 ll
1302 4587 1449 4646 libentius

326 4673 518 4729 contulerim.
