3648 5528
654 585 788 656 Auuuuuu
812 590 845 632 uu
867 587 1054 634 conuiuuuui.
1361 571 1419 638 109

296 724 410 780 tiaram
425 726 618 795 conseripsit,
633 726 774 781 Horatius
789 731 892 781 autem
907 726 981 780 vitia
994 727 1084 781 ambo
1100 740 1161 781 uua
1175 727 1342 795 eademque
1357 729 1418 782 dia-

294 817 374 870 triba
387 817 555 870 insectatus
569 820 615 870 est
629 815 701 884 (qua
722 816 760 868 de
778 830 809 869 re
827 816 897 869 vide
920 817 954 870 R.
979 817 1100 885 Heiuze,
1116 815 1158 868 De
1173 815 1300 869 Horatio
1313 816 1418 870 Bionis

294 904 459 973 imitatore,
475 905 568 970 Bonn,
586 903 668 974 1889,
697 920 725 972 p.
742 903 836 974 15-22,
855 907 907 974 qui
929 906 1090 958 nonnullos
1104 906 1181 960 alios
1195 905 1371 972 scriptores,
1387 906 1418 960 iu

294 995 444 1050 similibus
465 995 558 1049 rebus
579 999 724 1059 versatos
742 995 890 1062 contulit),
910 995 990 1064 quod
1010 995 1070 1062 iam
1090 999 1182 1049 autea
1199 995 1313 1049 iecerat
1330 996 1419 1050 Teies

294 1084 374 1152 apud
383 1085 544 1138 Stobaeum
553 1082 660 1153 (Pleu,
675 1083 782 1152 XCVII,
795 1082 828 1137 31
840 1105 872 1126 =
884 1082 990 1136 Teletis
1001 1082 1215 1152 reliquiae‚ed.
1224 1084 1336 1152 Hense,
1345 1085 1381 1138 IV
1394 1083 1415 1152 ¹¹,

294 1188 324 1241 p.
338 1173 394 1242 34),
410 1174 543 1240 monem,
568 1178 602 1226 ut
624 1172 754 1238 videtur,
770 1172 916 1240 imitatus,
931 1172 1072 1241 quodque
1088 1177 1196 1239 postea
1211 1171 1283 1226 iecit
1301 1173 1419 1229 Favori-

217 1265 219 1270 '
295 1277 362 1332 nus,
374 1264 509 1331 eosdem,
525 1266 559 1315 ut
572 1261 690 1330 opinor,
706 1266 846 1316 auctores
860 1266 994 1316 secutus.
1059 1273 1062 1281 ·

330 1352 444 1415 Quibus
458 1366 496 1405 ex
512 1351 653 1405 omnibus
664 1349 763 1419 facile,
774 1355 827 1404 aut
839 1364 896 1419 ego
906 1351 1001 1420 fallor,
1013 1350 1143 1405 efficitur
1151 1350 1331 1405 Favorinum
1350 1340 1418 1423 περὶ

293 1425 437 1511 ἀναρχίας
461 1441 682 1495 declamantem
695 1439 914 1508 philosophum
930 1440 1043 1507 egisse.

293 1707 314 1767 λ
329 1629 360 1684 Ρ,
375 1627 420 1698 63,
432 1644 460 1682 ν,
474 1627 500 1682 2,
514 1656 547 1666 -
561 1628 633 1683 Pro:
660 1612 739 1696 Περὶ
758 1617 996 1693 καταληπτικῆς,
1012 1584 1089 1701 ,lege
1110 1641 1116 1680 ε
1143 1611 1222 1697 Περὶ
1245 1627 1300 1695 τῆς
1328 1640 1418 1679 κατα·

314 1718 453 1784 ηπτικῆς.
