3648 5528
662 605 699 645 nu
721 605 854 646 rsvonnu
875 585 1056 669 πολυμαθίᾳ.
1112 580 1118 592 ”
1181 581 1191 658 Ῐ
1366 579 1424 638 103

301 733 383 829 ipso
398 740 527 808 autem
548 735 751 826 Favorino,
774 737 836 808 vel
849 757 915 830 per
941 736 1008 807 illa
1039 736 1164 808 lacera
1196 736 1423 830 fragmenta,

301 869 593 963 qualiacumque
613 869 738 941 adhuc
752 874 917 959 exstant,
934 874 1034 962 recte
1048 869 1218 963 judicare
1230 891 1340 964 posse
1359 869 1440 940 vi-·

301 1003 446 1075 demur.
463 1002 612 1075 Etenim
622 1003 660 1074 in
672 1003 813 1075 talibus
824 1002 1062 1075 collectaneis
1070 1003 1426 1075 conficiendisunus

302 1137 509 1208 multorum
536 1136 621 1237 tuit.
653 1136 779 1230 Atque
812 1136 928 1208 etiam
947 1135 1168 1208 incredibile
1197 1121 1254 1208 est
1281 1141 1434 1232 quanto

301 1269 486 1364 ejusmodi
507 1291 663 1363 operum
683 1291 811 1342 amore
829 1269 1126 1363 flagraveritilla
1141 1274 1246 1342 aetas
1260 1275 1298 1342 et
1309 1292 1425 1364 quam

301 1405 444 1478 celebre
459 1404 573 1476 tuerit
588 1404 683 1476 illud
693 1404 907 1477 litterarum
914 1426 1048 1498 genus.
1066 1403 1252 1476 Novimus
1263 1404 1425 1477 Gellium
1516 1489 1519 1494 ¹

301 1540 343 1611 in
361 1537 548 1613 Noctium
568 1537 788 1611 Atticarum
821 1538 1012 1632 prooemio
1039 1538 1224 1631 plurimos
1252 1537 1426 1610 collecta-

302 1695 459 1745 neorum
486 1676 916 1765 auotorespersecutum
932 1692 1026 1760 esse,
1040 1671 1180 1764 quibus
1201 1670 1428 1765 ipsinsopus
1525 1652 1526 1655 ¹

302 1807 463 1900 adjicere
481 1805 581 1896 licet,
604 1827 825 1900 quanquam
854 1806 965 1898 longe
990 1804 1108 1877 aliam
1126 1804 1239 1901 ‚viam
1255 1809 1427 1876 secutum

302 1961 341 2012 se
368 1939 505 2033 jactat,
527 1943 565 2010 et
582 1908 749 2009 Aeliani
769 1935 880 2012 Vario
906 1935 1218 2023 historiqadhuc
1237 1937 1369 2026 fertur,
1392 1942 1429 2009 et
1465 1941 1466 1944 ’

300 2075 349 2146 ab
364 2073 508 2145 Herode
519 2071 645 2144 Attico
660 2071 872 2164 conscripta
886 2071 1002 2143 luisse
1017 2071 1164 2143 rettulit
1175 2071 1430 2170 Philostratus

302 2213 464 2294 ἐγχειρίδια
489 2214 587 2293 καίρια
611 2213 663 2288 τὴν
686 2207 811 2293 ἀρχαίαν
837 2203 1023 2287 atticenus
1042 2213 1072 2271 ἐν
1102 2211 1211 2292 βραχεῖ
1227 2207 1428 2288 ἀπηνθισμένα

304 2331 516 2424 Suidasque
536 2339 718 2417 σύγγραμμα
732 2337 906 2413 πολύμαθες
918 2331 943 2394 ¹.
962 2327 1091 2423 Neque
1106 2351 1195 2402 vero
1211 2330 1351 2402 mirum
1372 2336 1429 2403 est
1514 2341 1516 2345 ’
1568 2317 1571 2324 ’

301 2464 559 2562 arhetoribus
578 2463 721 2536 cultam
759 2467 796 2534 et
828 2463 1057 2535 celebratam
1094 2461 1213 2554 iuis'se
1241 2462 1427 2557 ejusmodi

300 2599 534 2687 doctrinam,
565 2601 696 2690 utpote
734 2617 832 2689 quae
864 2617 994 2668 eorum
1029 2596 1193 2690 ingeniis
1230 2598 1427 2690 aptissime

300 2735 537 2826 congrueret.
567 2707 801 2823 Reputemns
829 2729 932 2802 enim
954 2713 1079 2823 ¹quam
1114 2730 1186 2802 sibi
1220 2731 1426 2804 utilitatem

301 2865 482 2938 Gelliuse
512 2863 591 2935 suis
624 2861 806 2934 Noctibus
825 2867 1091 2956 percepturum
1126 2885 1164 2936 se
1202 2865 1423 2957 speraverit.

300 2999 396 3072 Nam
416 2996 597 3092 quicquid
612 3001 826 3068 memoratu
841 2997 1001 3090 dignum
1021 2995 1174 3090 legisset
1193 2998 1423 3088 audissetve,

299 3132 518 3205 indistincte
549 3152 594 3203 ac
616 3130 841 3224 ¹promiscue
879 3130 1080 3203 adnotasse
1100 3154 1139 3203 se
1158 3133 1350 3226 professus
1369 3138 1427 3205 est

300 3272 337 3340 et
365 3265 437 3338 sibi
475 3289 490 3334 c
520 3265 579 3350 ad
603 3263 818 3336 subsidium
846 3265 1050 3336 memoriae
1084 3267 1194 3358 quasi
1232 3257 1436 3360 quoddam

298 3400 512 3472 litterarum
539 3419 661 3491 penus
694 3397 921 3488 recondisse,
948 3402 1004 3487 ut,
1040 3399 1193 3491 quando
1230 3420 1323 3470 usus
1352 3420 1426 3470 ve-

299 3535 418 3606 nisset
451 3537 519 3604 aut
553 3532 606 3604 rei
636 3536 703 3604 aut
741 3531 848 3603 verbi
886 3531 1085 3625 cujusdam
1091 3587 1164 3604 .....
1174 3589 1181 3623 ,
1208 3529 1318 3604 facile
1351 3533 1424 3605 sibi

299 3668 458 3740 inventu
492 3671 606 3758 atque
638 3666 863 3758 depromptu
891 3667 987 3738 leret
1014 3670 1081 3736 ἲ».
1115 3667 1264 3752 Quanto
1300 3665 1425 3760 majus

297 3800 534 3894 eloquentiae
555 3799 769 3871 subsidium
785 3800 877 3905 talia
901 3821 1014 3893 opera
1033 3800 1087 3871 eis
1115 3777 1332 3872 rhetoribus
1352 3801 1425 3871 mi-

297 3936 514 4008 nistrabant
546 3933 612 4026 qui
640 3956 832 4005 summum
866 3935 959 4006 artis
992 3934 1188 4028 fastigium
1221 3935 1426 4007 credebant

299 4091 379 4142 sese
398 4043 604 4157 assecutos,
627 4067 659 4139 si
670 4073 911 4162 ex'tempore
931 4069 977 4140 de
996 4069 1168 4162 qualibet
1181 4090 1221 4140 re
1241 4065 1424 4142 disserere

298 4201 478 4298 possent!
511 4201 727 4288 Quinetiam
758 4201 850 4273 satis
883 4223 1015 4274 veram
1044 4202 1147 4274 illius
1186 4203 1424 4296 eloquentiae

336 4571 343 4604 ¹
365 4570 577 4636 Philostratus,
596 4569 625 4622 V.
641 4566 682 4636 S,
698 4568 735 4636 ll,
750 4580 770 4636 r,
782 4566 835 4636 363
850 4567 969 4638 SuidaS,
986 4582 1015 4622 S.
1032 4583 1062 4626 v,
1073 4547 1228 4642 Ἡρῴδης.

334 4656 346 4696 ²
365 4659 487 4728 GelliuS,
503 4657 540 4712 N.
554 4657 601 4725 Α,,
611 4657 723 4730 praes„
736 4657 762 4715 2.
827 4672 835 4684 ·
