3676 5528
396 505 435 564 24
782 553 786 562 .
888 521 979 564 πονοι
1000 521 1033 563 u.
1138 559 1141 564 .

397 651 460 738 sit¹
474 651 669 745 negotium
697 652 799 746 quod
827 651 1091 725 Corinthiacae
1112 655 1244 724 auctor
1266 651 1305 723 id
1332 650 1520 725 divinitus

397 805 478 860 esse
496 790 758 878 comparatum
776 786 977 880 profitetur
995 791 1037 858 ut
1056 779 1136 879 ipse'
1151 807 1228 857 non
1243 785 1354 858 modo
1369 785 1520 859 Graecis

398 919 656 1012 Romanisque
684 920 901 1014 exemplum
929 921 1121 1014 praebeat,
1149 920 1214 992 sed
1243 919 1358 993 etiam
1385 919 1517 1010 Gallis,

397 1072 445 1124 ne
466 1052 716 1125 barbarorum
729 1053 844 1142 ullus,
867 1053 906 1124 in
927 1073 1008 1126 sese
1023 1053 1190 1144 intuens
1213 1053 1395 1126 Graecam
1409 1052 1521 1126 disci-

396 1185 542 1278 plinam
562 1190 707 1258 recuset
723 1185 747 1257 ¹.
780 1185 878 1272 Quid
898 1187 1000 1259 enim
1020 1186 1133 1258 Dioni
1152 1208 1238 1259 cum
1258 1186 1409 1260 Gallis?
1432 1209 1520 1260 cum

396 1319 619 1413 pracsertim
639 1321 802 1393 multum
821 1320 1084 1414 peregrinatus
1104 1320 1154 1392 sit
1172 1342 1217 1393 ac
1231 1320 1414 1393 barbaras
1428 1341 1521 1414 gen-

396 1459 453 1528 tes
490 1454 639 1544 adierit,
674 1476 773 1548 quac
805 1455 966 1527 cumin
994 1455 1115 1548 ipsius
1148 1454 1385 1528 orationibus
1416 1455 1521 1528 haud

386 1588 514 1661 ‘semel
533 1595 763 1662 memoratae
791 1590 881 1680 sint,
904 1590 1049 1662 Galliae
1078 1590 1220 1663 mentio
1247 1591 1355 1663 nulla
1380 1591 1438 1664 lit.
1467 1589 1521 1664 Ne

359 1805 360 1808 Ἴ
396 1722 490 1795 illud
519 1723 673 1816 quidem
701 1724 1080 1817 praetermittendum
1113 1724 1208 1797 mihi
1235 1702 1399 1832 uidetur,
1421 1726 1521 1818 quod

396 1852 523 1926 inille
548 1853 718 1925 oratione
743 1853 949 1947 imperator
973 1853 1113 1926 dicitur
1140 1853 1188 1926 ad
1214 1854 1374 1927 Graecos
1400 1875 1522 1926 mores

397 1998 478 2061 esse'
510 2007 716 2059 conversus
733 1984 776 2080 ²3
811 1986 912 2080 quod
940 2009 1017 2059 non
1047 1987 1086 2058 in
1120 1987 1347 2082 Traianum,
1384 1989 1448 2061 sed
1482 1987 1521 2060 in

398 2121 636 2194 Hadrianum
665 2120 812 2214 egregie
841 2121 943 2193 cadit
960 2119 998 2194 ³:
1022 2121 1181 2194 Dionem
1202 2126 1330 2194 autem
1359 2121 1522 2217 Trojano

398 2256 525 2330 adhuc
538 2255 764 2348 imperatore
784 2260 977 2328 mortuum
997 2276 1078 2327 esse
1098 2254 1191 2328 satis
1206 2253 1387 2327 constat&
1411 2254 1524 2326 Deni-

399 2412 473 2486 que
487 2394 697 2462 ccterarum
717 2389 890 2461 omnium
910 2411 1036 2481 rerum
1056 2410 1154 2482 quae
1174 2389 1214 2460 in
1234 2388 1405 2462 oratione
1424 2410 1524 2461 oom—
1584 2368 1589 2376 ’

401 2529 632 2600 memoratae
654 2529 744 2596 sunt
771 2545 891 2617 paene
918 2524 1025 2596 nulla
1052 2523 1092 2594 in
1112 2521 1270 2594 Dionem
1290 2524 1386 2595 bene
1405 2523 1519 2612 cadit,
1556 2554 1559 2560 ·

401 2660 590 2735 Favorino
609 2662 737 2731 autem
762 2663 861 2731 recte
877 2657 975 2730 vidit
988 2639 1188 2749 Emporius
1207 2655 1335 2749 aptius
1354 2677 1419 2729 eas
1436 2678 1525 2730 con-

399 2817 543 2870 vemre.

450 2930 525 3003 Sed
543 2933 749 3023 antequem
765 2926 836 3020 ipsi
852 2947 932 2998 rem
951 2924 1207 3019 aggredimur,
1224 2925 1357 3019 paucis
1376 2947 1526 2999 memo-
1590 2949 1591 2954 ¹

437 3156 446 3190 ¹
469 3153 551 3208 Orat.
567 3152 717 3220 Corinth,
732 3150 777 3204 27.

437 3244 449 3278 2
467 3246 563 3299 Recte
573 3243 654 3297 enim
666 3239 841 3295 emendavit
850 3239 953 3293 Arnim
969 3229 1077 3304 ἑιιεῖσε,
1099 3251 1168 3293 eum
1179 3240 1271 3291 antea
1283 3238 1372 3305 vulgo
1383 3236 1527 3292 ederetur

403 3327 515 3385 ’έπεισεν
543 3315 602 3403 (so.
628 3335 735 3386 auctor
756 3329 926 3398 orationis;
947 3327 1073 3382 omissis
1095 3327 1199 3381 verbis
1223 3317 1298 3376 ’ἐστιν
1321 3308 1419 3396 ἰδεῖν).
1441 3327 1526 3382 Idem

403 3429 506 3486 autem
522 3408 688 3494 προστάτην
706 3419 845 3487 seclusit,
855 3417 961 3472 nescio
972 3431 1010 3471 an
1019 3415 1087 3483 jure
1098 3416 1334 3483 dittographlam
1347 3417 1526 3483 suspicatus

402 3496 583 3585 (προστάτην
610 3503 685 3579 προς
705 3494 741 3559 τὰ
760 3489 831 3577 τῶν)
852 3513 858 3552 τ
883 3520 1058 3576 quanquam
1077 3498 1126 3556 τὀν
1147 3495 1178 3554 δέ
1197 3519 1256 3559 non
1280 3509 1447 3573 auctorem,
1471 3506 1527 3560 sed

363 3587 371 3602 ⁸
403 3605 619 3671 imperatorem
636 3598 809 3666 significare
824 3596 976 3650 existimo.
991 3597 1028 3650 Ut
1042 3595 1123 3649 enim
1138 3584 1207 3655 τοὺς
1222 3576 1526 3664 ἀρίστουςἙλλήνων

292 3675 295 3682 ⁴
404 3694 588 3748 Graecorum
603 3689 778 3755 exemplum
794 3687 902 3755 est,ita
921 3677 969 3735 τον
993 3673 1024 3734 δὲ
1044 3686 1248 3738 Romanorum
1263 3684 1438 3751 exemplum
1454 3698 1527 3738 esse

404 3795 537 3838 necesse
557 3783 606 3834 est
618 3795 624 3846 ;
637 3791 706 3832 cum
728 3790 800 3830 vero
822 3776 956 3843 optimos
981 3774 1165 3829 Graecorum
1181 3773 1351 3842 protulerit,
1365 3788 1422 3841 par
1433 3776 1483 3830 est
1497 3777 1528 3828 et

405 3874 610 3926 Romanorum
624 3867 772 3934 optimum
788 3864 925 3932 proferri.
944 3862 1017 3917 Ideo
1033 3863 1106 3915 mihi
1130 3862 1253 3930 quidem
1275 3862 1319 3915 ita
1339 3862 1528 3930 distinguen-

405 3961 463 4016 dus
476 3972 549 4014 esse
559 3958 679 4011 videtur
691 3956 779 4009 locus
793 3969 799 4008 t
817 3938 841 4003 εἰ
857 3942 888 4001 δέ
907 3964 1007 4013 τις....
1018 3932 1234 4017 ἐζηλωκὼς...
1250 3935 1320 4018 (τῶν
1342 3943 1394 4016 μὲν
1410 3936 1525 4021 γὰρ...

404 4042 479 4119 πρὸς
503 4033 539 4098 τὰ
567 4038 623 4097 τῶν
649 4025 838 4112 Ἑλλήνων),
868 4029 917 4091 οιαὶ
948 4032 1058 4090 τούτων
1089 4029 1232 4089 iream...
1263 4032 1440 4110 προειμένος
1470 4042 1523 4109 (cs.

405 4119 586 4205 ἐζηλωκώς;
603 4125 777 4204 προιέμενον
797 4132 876 4200 libri,
895 4121 1071 4200 προιέμενος
1091 4129 1225 4196 Beiske).

441 4226 451 4260 ³
469 4227 544 4281 Eum
563 4224 644 4279 enim
657 4225 760 4276 narrat
772 4221 951 4290 Spartianus
965 4217 1084 4288 (Hadr,
1098 4219 1150 4279 llll
1164 4219 1264 4274 adhuc
1278 4219 1437 4286 neglectas
1452 4220 1529 4274 Lati-

405 4331 462 4371 nas
475 4316 594 4370 litteras
606 4316 671 4365 tum
685 4310 808 4364 demum
822 4310 924 4364 colere
941 4308 1096 4376 coepisse,
1113 4322 1182 4362 cum
1193 4311 1341 4376 quaestor
1359 4307 1527 4362 orationem

405 4403 600 4474 imperatoris
616 4400 769 4468 agrestius
784 4399 987 4466 pronuntians
1000 4397 1083 4451 risus
1098 4401 1194 4452 esset.

440 4493 450 4527 ⁴
468 4493 534 4548 Vid.
550 4492 584 4546 H.
599 4505 657 4545 von
670 4488 783 4557 Arnim,
795 4486 891 4540 Leben
900 4486 964 4540 aad
984 4483 1086 4539 Werke
1100 4485 1150 4540 dec
1165 4483 1219 4538 Dio
1230 4500 1287 4538 von
1299 4483 1407 4553 Prusa,
1418 4501 1448 4554 p.
1459 4484 1527 4555 514;

404 4583 533 4652 (ποίεον,
549 4578 625 4635 Hiat.
643 4578 679 4632 de
696 4577 723 4630 la
740 4576 812 4632 Litt.
828 4575 893 4647 Gr,
906 4577 941 4645 V,
955 4590 984 4645 p.
999 4575 1061 4630 472.
1470 4568 1472 4572 ’
