3676 5528
793 595 961 640 palustria.
1404 598 1437 641 111

362 727 467 816 Quae
486 723 630 818 omnia,
651 731 735 799 tum
754 730 953 799 auctorum
971 727 1202 819 testimonla,
1220 732 1304 801 tum
1318 727 1438 824 ipsius

315 861 495 934 Favorini
531 881 689 954 operum
721 837 948 955 fragmenta,
976 860 1123 954 primus
1162 862 1358 935 commode
1401 867 1440 935 et

315 995 459 1072 utiliter
489 993 670 1068 tractavit
706 993 808 1066 th.
844 994 1047 1067 Marrasius
1068 1000 1079 1060 .¹
1099 995 1139 1067 in
1173 995 1439 1069 dissertatione

313 1128 393 1224 jam
412 1113 500 1202 ante
525 1127 595 1200 hos
622 1127 903 1222 quinquaginta
921 1150 1043 1202 annos
1062 1129 1177 1203 edita.
1209 1129 1306 1202 Nam
1325 1135 1440 1204 antea

314 1261 469 1358 quidem
488 1268 526 1335 et
549 1283 685 1356 parum
708 1259 910 1356 diligenter
923 1262 1119 1357 nimiaque
1138 1263 1323 1337 brevitate
1343 1285 1440 1336 con-

314 1400 436 1469 tracta
454 1393 606 1468 Inerant
619 1394 765 1488 aliquot
783 1399 981 1468 auctorum
996 1396 1215 1469 testImonia
1229 1396 1270 1470 in
1289 1397 1440 1490 compi-

315 1529 470 1603 lationis
494 1528 699 1622 inscriptae
726 1525 901 1602 Histoire
934 1527 1121 1603 littdrac're
1151 1528 1198 1603 de
1228 1528 1440 1604 to-Frooce

315 1663 511 1736 volumine
526 1662 662 1757 primo,
674 1686 712 1758 p.
731 1661 907 1754 aet-276,
927 1667 965 1735 et
978 1663 1018 1736 C.
1042 1663 1245 1737 Muellerus
1259 1664 1299 1737 in
1316 1665 1441 1760 Freq-

315 1800 534 1870 meotorcm
565 1794 852 1869 Historicorum
882 1796 1078 1870 volumine
1116 1797 1241 1889 tertio,
1273 1821 1311 1893 p.
1350 1797 1441 1870 577-

315 1931 646 2023 tetamentum
666 1930 867 2024 collegerat
881 1930 1061 2004 Favorini
1081 1931 1262 2024 reliquias
1275 1954 1374 2025 quac
1392 1933 1441 2005 ad

316 2064 515 2137 historiam
544 2063 798 2158 pertinebant.
830 2063 1034 2137 Marrasius
1061 2069 1209 2156 autern,
1239 2070 1441 2159 postquam

316 2198 362 2271 de
381 2198 463 2270 vita
488 2201 526 2270 et
552 2195 689 2269 studiis
708 2196 889 2270 Favorini
911 2197 1078 2270 breviter
1106 2198 1299 2289 disseruit,
1330 2219 1443 2271 cunc·
1533 2212 1536 2215 ’

317 2335 442 2404 torum
463 2330 689 2424 scriptorum
709 2329 792 2424 ejus
811 2329 942 2402 titulos
966 2351 1158 2404 recensere
1180 2336 1230 2421 et,
1254 2336 1442 2426 qnantum

317 2465 472 2560 quidem
487 2463 572 2537 fieri
587 2467 747 2558 poterat,
766 2463 858 2558 quid
874 2464 957 2558 ipsa
972 2464 1113 2558 scripta
1134 2466 1225 2538 olim
1246 2465 1443 2559 complexa

318 2604 446 2670 essent
468 2597 652 2692 conjicere
673 2601 833 2669 conatus
857 2602 926 2686 est,
948 2603 1031 2669 tum
1059 2598 1240 2712 reliquias
1262 2597 1443 2671 Favorini
1481 2685 1485 2692 ι

319 2731 451 2804 ordine
488 2731 655 2826 digestas
692 2730 894 2826 diligenter
934 2737 972 2804 ct
1009 2733 1196 2826 sagaciter
1233 2731 1445 2805 elaboravit

319 2872 434 2962 atque
466 2864 701 2960 explanant.
733 2864 788 2939 Ea
819 2865 1062 2961 potissimum
1094 2866 1206 2962 quasi
1235 2865 1444 2962 appendice

319 3001 607 3076 commendatur
644 2999 760 3073 etiam
806 3021 909 3072 nunc
944 2999 1011 3072 illa
1046 3000 1283 3092 dissertatio,
1325 3020 1441 3094 quae,

318 3156 541 3230 quanquam
569 3133 662 3207 satis
688 3133 785 3206 male
811 3133 972 3206 edoctis
990 3133 1220 3227 quibusdam
1243 3133 1337 3207 viris
1360 3154 1446 3228 pos-

318 3273 381 3341 tea
397 3265 583 3360 audiviu,
599 3266 900 3362 haudquaquam
916 3268 1128 3362 spernenda
1146 3273 1216 3341 est.

368 3402 452 3477 Non
480 3407 610 3475 tamen
631 3401 708 3474 lore
736 3407 780 3474 ut
805 3401 961 3475 ommno
986 3401 1188 3475 videamur
1212 3422 1291 3476 rem
1319 3405 1444 3474 actam

319 3558 431 3631 agere
459 3535 702 3628 confidimus,
732 3536 764 3609 si
800 3535 939 3610 iterum
963 3537 1009 3609 de
1041 3536 1222 3609 Favorini
1247 3535 1385 3609 studiis
1408 3539 1446 3608 et

319 3669 469 3765 scriptis
501 3669 797 3764 disputabimus,
833 3668 915 3743 sive
951 3669 1068 3744 altIus
1101 3669 1308 3765 perspectis
1344 3688 1443 3763 qnae

356 4010 363 4043 ¹
385 4009 464 4064 J.·L.
488 4009 618 4078 Marma,
646 4007 827 4062 Dissertatio
856 4007 998 4062 literarict
1024 4009 1215 4078 inauguralis
1239 4010 1276 4064 da
1302 4007 1446 4064 Favorini

320 4097 505 4152 Arelatensis
519 4096 592 4162 cita,
610 4096 729 4166 studiis,
740 4096 871 4167 scriptis,
888 4098 1018 4165 Traiecti
1034 4098 1073 4153 ad
1086 4100 1236 4169 Rhenum,
1249 4098 1330 4154 1853.

356 4188 368 4223 ²
387 4189 416 4242 F.
430 4187 605 4256 Nietzsche‚
621 4185 731 4240 Rheba.
753 4185 839 4252 Ilua,
858 4187 960 4257 XXIII,
974 4203 1004 4255 p.
1018 4187 1087 4242 646:
1106 4207 1120 4238 (l
1134 4189 1311 4257 Mendesius,
1334 4189 1365 4242 in
1385 4188 1446 4242 dis-

321 4277 490 4332 sertatione
508 4280 646 4330 ceterum
665 4276 715 4330 vix
732 4276 886 4330 laudabili.
903 4294 916 4325 »
931 4277 962 4330 Ε.
974 4277 1088 4346 MaaSS,
1105 4276 1217 4333 Philet.
1236 4277 1363 4345 (intera,
1376 4279 1446 4332 Helt

320 4367 371 4437 lll,
385 4382 414 4435 p.
424 4367 454 4420 4:
468 4384 482 4416 «
497 4365 661 4433 congessit
673 4365 786 4435 quibus
801 4379 912 4420 nomen
928 4369 995 4420 erat
1008 4368 1231 4436 praepositum,
1241 4367 1280 4422 de
1293 4382 1350 4422 suo
1365 4367 1445 4422 scitu

321 4456 371 4510 vix
383 4456 476 4524 digna
490 4459 543 4510 aut
555 4458 663 4522 aperte
676 4454 755 4508 falsa
769 4453 898 4508 addidIt.
911 4497 916 4508 .
928 4496 934 4507 .
947 4469 967 4508 .:
985 4468 1056 4509 eum
1069 4455 1161 4523 igitur
1173 4457 1280 4512 nescio
1296 4471 1334 4511 an
1348 4458 1445 4538 semel

322 4545 410 4600 bisve
432 4545 490 4599 sim
511 4543 733 4610 nominaturus.
758 4561 772 4593 a
793 4541 952 4613 1d.,ittu.,
974 4558 1003 4611 p.
1018 4542 1123 4599 1332«
1145 4546 1311 4602 Marrasius
1318 4587 1396 4603 .....
1415 4543 1445 4599 in

322 4633 542 4690 dissertatione
558 4646 617 4688 non
634 4646 694 4688 uno
710 4633 769 4688 hoo
783 4632 906 4688 nomine
919 4633 1132 4702 vituperanda.
1148 4653 1162 4685 s
