3648 5528
608 560 612 566 ·
671 543 707 589 nn
730 542 864 591 lnvomur
885 517 1068 616 πόλυμαθίᾳ.
1397 509 1432 582 3¹
1529 599 1531 603 ,

311 675 497 750 motiones
525 677 713 771 quaedam
739 682 775 750 et
799 678 887 750 libri
925 680 1125 765 Πυρρωνείων
1149 679 1264 763 τρόπων
1296 677 1437 752 diserte

310 808 467 882 laudata
486 816 588 900 sunt,
608 811 661 882 sic
676 810 812 882 borum
826 833 978 910 quoque
993 810 1198 904 vestigium
1217 811 1436 908 quodquam

311 948 504 1036 appareat,
527 965 614 1015 eum
635 944 857 1036 praesertim
882 944 962 1038 ipse
981 945 1031 1017 ab
1050 943 1238 1038 ejusmodi
1252 942 1437 1016 miscella-

310 1098 383 1150 nea
409 1077 582 1150 doctrina
607 1099 685 1149 non
708 1077 803 1150 adeo
836 1099 995 1150 aversus
1024 1077 1142 1151 luisse
1170 1077 1358 1150 videatur.
1395 1075 1437 1148 si

310 1230 400 1282 vero
426 1207 645 1320 Nietzscbeo
664 1210 856 1283 credimus
868 1217 893 1302 ²,
918 1232 996 1283 non
1015 1212 1154 1284 desunt
1168 1211 1362 1284 luculenta
1379 1210 1438 1282 in-

310 1341 411 1415 dicia
434 1342 474 1416 in
502 1341 691 1418 Noctibus
717 1341 861 1416 Atticis
888 1346 1089 1428 Παντοδαπῆς
1113 1351 1242 1431 ἱστορίας
1276 1343 1438 1417 mentio·
1537 1375 1539 1379 ·

309 1498 397 1550 nem
425 1498 507 1550 esse
539 1476 693 1568 iactam,
721 1450 815 1551 adeo
841 1483 885 1551 ut
908 1478 948 1551 in
977 1500 1062 1552 eam
1086 1480 1198 1552 cadat
1225 1478 1436 1573 capitulum

311 1611 506 1704 illudque
534 1611 759 1704 proponitur
786 1612 958 1706 quaestio
990 1638 1006 1684 u
1037 1613 1211 1686 Cuimodi
1236 1613 1314 1685 sint
1338 1633 1437 1707 quae

311 1744 474 1839 speciem
501 1744 762 1818 doctrinarum
791 1746 972 1837 habeant,
1001 1748 1065 1820 sed
1099 1768 1221 1841 neque
1251 1744 1438 1820 delectent

311 1899 433 1971 neque
456 1878 567 1951 utilia
591 1878 690 1950 sint²
714 1903 749 1951 n.
779 1878 848 1951 Hic
871 1880 976 1952 enim
1003 1881 1175 1954 narravit
1200 1880 1436 1954 «hominem
1527 1889 1529 1894 ’

311 2010 383 2082 sibi
411 2010 655 2102 familiarem,
688 2011 728 2083 in
748 2011 962 2085 litterarum
982 2013 1088 2087 cultu
1115 2036 1191 2086 non
1211 2013 1432 2108 ignobilem,

311 2139 566 2238 magnamque
604 2145 741 2218 aetatis
773 2149 921 2240 partem
955 2146 995 2218 in
1031 2146 1139 2221 libris
1177 2152 1371 2221 versatum
1399 2171 1432 2238 a,

309 2277 458 2351 dedisse
491 2277 564 2350 sibi
596 2302 613 2349 u
653 2279 794 2351 librum
822 2279 960 2373 grandi
997 2281 1205 2374 volumine,
1240 2281 1435 2354 doctrinae

310 2413 535 2506 omnigenae
567 2417 881 2506 praesoatentem,
922 2435 1035 2508 quem
1076 2415 1150 2488 sibi
1196 2415 1434 2488 elaboratum

309 2544 389 2639 ipse
417 2545 559 2628 diceret
586 2567 634 2618 ex
661 2546 794 2618 multis
822 2551 861 2619 et
887 2547 1043 2620 remotis
1067 2552 1105 2622 et
1127 2549 1247 2624 variis
1265 2547 1436 2622 lectioni-

309 2678 394 2769 bus,
424 2683 469 2751 ut
499 2700 547 2752 ex
575 2700 618 2753 eo
646 2684 824 2771 sumeret,
857 2681 905 2753 ad
934 2682 1126 2753 ornandas
1159 2702 1250 2754 suas
1280 2677 1434 2764 Noctes

309 2817 496 2905 quantum
516 2812 651 2886 liberet
670 2835 796 2886 rerum
816 2814 1000 2888 memoria
1019 2815 1221 2909 dignarum
1233 2815 1246 2859 ⁸
1258 2839 1292 2887 ›>.
1313 2814 1435 2902 Quem

309 2946 583 3041 cumprimum
611 2947 735 3020 libens
763 2948 982 3043 accepisset,
1017 2948 1116 3020 nihil
1134 2931 1241 3039 dico,
1274 2947 1436 3042 cupidus

307 3079 545 3175 arripuisset,
586 3103 675 3152 mox
707 3081 815 3154 inani
852 3082 1064 3155 eruditione
1101 3082 1282 3156 refertum
1317 3081 1436 3155 inve-

309 3214 441 3307 nisset,
462 3215 593 3288 statim
613 3220 651 3288 et
670 3237 878 3311 properans
898 3217 1092 3290 reddidit:
1117 3242 1134 3278 «
1146 3209 1253 3284 ”dveit
1278 3244 1342 3298 σου,
1369 3216 1438 3289 in—

309 3349 405 3442 quit,
423 3349 640 3422 doctissime
655 3349 839 3440 Virorum,
868 3358 978 3433 ταύτης
1005 3368 1059 3435 τῆς
1087 3357 1289 3434 πολυμαθίας,
1314 3356 1353 3424 eI
1383 3351 1437 3422 II-

309 3484 421 3556 brum
448 3485 550 3556 hunc
576 3479 909 3577 opulentissimum
935 3483 1058 3578 recipe
1084 3484 1183 3556 nibil
1207 3506 1363 3579 prorsus
1388 3485 1437 3557 ad
1482 3563 1485 3568 ,

310 3622 459 3691 nostras
485 3617 733 3712 paupertinas
747 3617 894 3690 litteras
914 3623 1199 3712 congruentem.
1214 3617 1310 3698 Nam
1331 3639 1437 3692 meae

310 3750 464 3836 Noctes,
496 3773 593 3845 quas
631 3750 860 3824 instructum
892 3757 1146 3846 ornatumque
1179 3751 1256 3844 isti,
1287 3754 1334 3827 de
1360 3775 1438 3832 uno

312 3884 480 3958 maxime
499 3884 563 3958 illo
589 3905 705 3958 versu
725 3884 878 3959 Homeri
897 3891 1102 3981 quaerunt,
1124 3907 1238 3984 quem
1265 3886 1439 3966 Socrates

348 4229 357 4264 ¹
379 4227 408 4282 F.
422 4227 596 4296 Nietzscbe,
612 4227 652 4280 De
664 4223 805 4294 Diopenie
816 4223 936 4282 Leontii
946 4225 1090 4297 sontibus,
1103 4225 1214 4281 illicio.
1232 4226 1317 4293 Mus,
1331 4229 1372 4286 N.
1392 4227 1440 4300 F„

308 4318 414 4386 XXIII,
435 4331 465 4384 p.
483 4313 622 4370 632o53:
654 4329 722 4383 cap.
746 4327 780 4384 11,
807 4314 858 4368 De
878 4314 1027 4370 favorino
1049 4315 1221 4371 Arelatensi
1239 4316 1320 4388 (add.
1340 4319 1441 4387 IIXIV,

313 4423 344 4476 n·
359 4405 413 4461 196
425 4405 522 4474 sun)-

348 4495 360 4530 ²
379 4495 504 4562 Galliac,
516 4491 554 4548 N.
570 4491 617 4562 A,
631 4493 705 4563 xlv,
718 4505 758 4549 vl.

350 4583 361 4617 ³
378 4584 434 4655 ld,
448 4581 534 4653 ibid,
547 4582 622 4655 XIV,
635 4595 677 4653 v1,
690 4582 721 4641 l.
