3676 5528
713 580 749 621 or
770 578 911 622 ravennio
932 578 1075 621 sormsm.
1415 561 1456 620 23

332 709 444 783 Dioni
473 709 731 806 adjudicatam
765 711 881 784 tuisse
915 732 999 783 eam
1031 708 1257 803 jamdudum
1291 713 1453 802 constat,

331 866 454 939 neque
473 845 657 939 ampliore
676 844 898 939 probatione
918 849 1014 939 eget.
1037 843 1236 938 Emporius
1255 845 1372 939 enim,
1389 849 1456 942 qui

330 980 457 1054 nascio
472 1001 521 1052 an
534 978 681 1074 primus
696 1001 775 1052 rem
789 979 941 1070 viderit,
952 978 1201 1052 disertissime
1215 984 1313 1052 certe
1327 982 1457 1075 expla-

330 1114 440 1187 navit
453 1116 478 1204 ¹,
501 1135 585 1186 eam
606 1113 902 1207 disputationem
922 1135 999 1185 non
1020 1134 1100 1185 esse
1121 1113 1245 1186 hercle
1268 1114 1329 1186 vel
1348 1117 1456 1188 moli-

330 1247 446 1320 minis
472 1248 601 1342 magni
628 1247 689 1320 vel
714 1246 871 1342 periculi
899 1246 1156 1320 existimabat.
1179 1273 1194 1317 o
1218 1248 1456 1344 Quicumque

327 1361 444 1472 enim,
476 1382 614 1476 inquit,
643 1381 772 1455 animo
805 1386 950 1454 attento
979 1385 1017 1454 et
1048 1403 1125 1454 uno
1159 1387 1288 1456 tenore
1323 1383 1456 1458 Dionis

328 1516 519 1589 orationes
546 1515 718 1610 perlegit,
741 1516 773 1588 is
792 1537 878 1588 cum
898 1515 947 1587 ad
967 1514 1248 1589 Corinthiacum
1273 1539 1455 1612 pervene-

328 1650 390 1741 rit,
427 1655 574 1723 tantam
608 1656 646 1723 et
683 1650 868 1723 sermonis
906 1654 944 1722 et
980 1649 1123 1744 ingenii
1161 1645 1471 1745 disparilitatem

328 1785 595 1879 deprehendet,
618 1789 661 1857 ut
684 1784 750 1857 vix
776 1784 853 1856 alia
873 1805 970 1878 quae
990 1784 1141 1855 arebus
1161 1782 1200 1854 in
1219 1805 1264 1857 ea
1283 1806 1455 1860 comme-

328 1919 485 1991 moratis
513 1919 707 1991 ducuntur
733 1917 874 1990 indicia
894 1916 1092 1989 desiderat.
1119 1917 1385 2012 »Quanquam
1406 1941 1453 1993 ne

327 2051 393 2125 illa
421 2051 575 2146 quidem
602 2050 870 2145 praetermisit,
902 2050 1019 2122 immo
1047 2072 1136 2122 vero
1163 2051 1452 2145 diligentissime

326 2192 382 2260 est
395 2191 628 2280 persecutus.
648 2185 702 2257 Ac
718 2185 897 2278 primum,
908 2184 967 2257 iac
982 2184 1141 2257 Dionem
1156 2208 1180 2258 a
1194 2185 1320 2258 Nerva
1335 2187 1453 2282 impe-

326 2326 449 2393 ratore
465 2319 659 2392 civitatem
680 2319 797 2391 tuisse
817 2324 1034 2392 assecutum
1050 2323 1164 2412 atque
1184 2320 1300 2392 etiam
1320 2342 1452 2415 eques-

325 2454 374 2526 tri
411 2454 535 2526 ordini
575 2451 832 2547 adscriptum2
870 2451 985 2548 (quod
1022 2475 1176 2547 prorsus
1214 2453 1447 2549 ignoramus

325 2585 640 2683 quamvis'multa
658 2588 704 2660 de
725 2587 805 2659 vita
821 2609 891 2659 sua
911 2587 950 2658 in
971 2587 1206 2660 orationibus
1221 2589 1379 2662 dixerit:
1403 2613 1450 2665 ne

325 2723 540 2796 Romanum
574 2722 728 2817 quidem
761 2722 883 2794 civem
921 2742 1008 2794 eum
1041 2721 1158 2793 tuisse
1195 2722 1338 2796 Iactum
1370 2727 1450 2800 ullo

324 2857 456 2930 Dionis
489 2857 609 2952 ipsius
641 2858 722 2930 loco
755 2855 1000 2951 reperimus),
1037 2861 1166 2928 tamen
1198 2858 1303 2931 nullo
1338 2862 1449 2934 modo

323 2990 445 3063 dicere
473 2989 610 3084 potuit,
633 2990 699 3084 qui
727 2991 882 3080 Prusae,
912 2990 951 3061 in
972 2990 1114 3063 Graeca
1143 2991 1311 3083 civitate,
1333 3000 1448 3068 natus

322 3126 580 3219 educatusque
599 3130 709 3215 esset,
735 3149 753 3195 c
774 3147 797 3196 a
818 3125 999 3224 Romanis
1019 3125 1188 3199 moribus
1214 3128 1262 3201 ad
1287 3129 1447 3204 Graecos

323 3281 362 3331 se
381 3259 561 3332 defecisse
582 3281 766 3353 >›,1neque
787 3282 949 3354 usquam
971 3243 1140 3332 vidimus
1164 3282 1252 3333 eum
1275 3286 1293 3332 u
1314 3268 1352 3336 et
1365 3285 1444 3336 rem

321 3393 549 3466 familiarem
587 3398 625 3466 et
660 3393 810 3466 civilem
843 3393 1081 3487 dignitatem,
1118 3401 1254 3468 cuncta
1282 3396 1445 3492 denique

321 3528 494 3601 omisisse
521 3532 564 3600 ut
584 3529 747 3601 Graecus
771 3549 852 3600 esse
880 3527 1084 3616 videretur,
1108 3531 1208 3622 quod
1228 3553 1349 3603 unum
1370 3533 1443 3605 sibi

319 3686 387 3757 pro
402 3661 578 3735 omnibus
598 3661 708 3735 bonis
726 3666 825 3734 esset
838 3661 862 3733 ³.
882 3661 1047 3756 »Neque
1068 3684 1157 3736 vero
1177 3663 1305 3738 minus
1324 3666 1439 3741 Iaces·
1489 3641 1496 3658 ’

318 4019 348 4072 p.
360 4003 414 4056 422
425 4018 493 4071 sqq.
509 4031 540 4040 -
558 4002 600 4057 Gt.
617 4002 745 4070 Groiset,
757 4001 834 4057 Hist.
849 4001 885 4055 de
899 4003 929 4054 la
945 4001 1016 4057 cut.
1033 4001 1139 4073 Gr.,V,
1151 4017 1181 4071 p.
1197 4002 1247 4057 544
1262 4020 1269 4074 ;
1283 4006 1317 4060 R.
1332 4005 1440 4077 Hirzel,

318 4093 380 4147 Der
395 4091 514 4160 Diatoq,
530 4093 567 4161 II,
579 4107 608 4159 p.
623 4091 685 4161 120,
699 4092 768 4146 adn.
780 4091 807 4146 3.

355 4183 362 4217 ¹
385 4182 555 4250 Emperius,
574 4181 617 4234 De
638 4179 775 4234 oratione
799 4179 994 4234 Corinthiaco
1017 4181 1094 4249 salso
1117 4180 1209 4235 Dioni
1234 4182 1440 4254 Chrysoctomo

318 4270 459 4340 ascripta.
475 4271 516 4325 Cf.
534 4285 637 4339 supra,
650 4286 680 4339 p.
694 4271 739 4339 22,
753 4271 822 4325 adn.
837 4271 863 4325 4.

354 4361 364 4394 ¹
383 4362 425 4415 cf.
443 4359 526 4414 Orat.
542 4358 677 4413 Corinth.
696 4358 813 4422 (Dionis
829 4358 1031 4441 chrysostomi
1041 4376 1171 4432 opera,e
1187 4364 1370 4420 recensione
1382 4367 1437 4422 Ad.

317 4450 465 4519 Emperii,
493 4466 539 4506 or.
567 4451 696 4504 XXXVII
720 4466 727 4518 ;
758 4448 864 4503 Dionis
893 4449 1086 4504 Prusaeensis
1116 4467 1191 4520 quae
1217 4456 1322 4507 extant
1348 4471 1440 4524 opera

317 4538 430 4608 omnia,
444 4539 492 4594 ed.
505 4540 529 4594 J.
542 4540 581 4594 de
591 4537 704 4608 Arnim,
718 4539 868 4608 XXXVII),
879 4538 923 4595 25.

352 4624 525 4699 ³Itic.,a5.
