3648 5528
613 525 616 529 Δ
654 555 690 600 nn
713 554 845 601 alvorum
866 534 1047 623 πολυμαθία.
1381 531 1420 595 95

294 694 494 762 mutuatus
510 694 609 762 esset
632 671 817 784 Diogenes
838 690 984 785 aliquot
1014 689 1274 770 miscellaneas
1295 691 1422 763 histo-

295 823 426 913 riolaS‚
449 845 536 895 oum
560 823 706 896 adalia
731 829 814 896 turn
839 825 887 896 ad
913 830 1151 898 accusatores
1182 825 1243 898 vel
1265 825 1422 898 inventa
1469 858 1472 863 ·

223 940 225 944 ’
296 956 612 1052 philosophorum
631 957 876 1051 pertinentes.
900 957 954 1031 Ea
973 981 1063 1032 vero
1082 959 1229 1032 ratione
1249 959 1422 1032 Laertius

297 1092 521 1187 plerumque
549 1091 701 1165 videtur
737 1114 818 1165 esse
855 1116 948 1166 usus
976 1099 1031 1185 ut,
1068 1098 1269 1188 postquam
1302 1094 1423 1166 vitam

298 1226 516 1320 philosophi
535 1225 734 1320 cujusdam
754 1227 1004 1321 descripserat
1023 1249 1043 1300 e
1062 1228 1318 1322 doxographis
1336 1228 1424 1301 bio-

297 1359 529 1453 graphisque
550 1359 710 1454 illisqui
730 1359 861 1433 iudea
884 1361 1186 1433 Ptolemaeorum
1206 1365 1329 1434 aetate
1348 1382 1425 1432 non

298 1493 513 1583 defuerunt,
536 1493 753 1566 adventicia
771 1471 943 1568 doctrina
962 1516 1056 1589 opus
1076 1517 1188 1568 suum
1210 1500 1422 1586 exornaret,

301 1629 536 1702 subtexendo
557 1629 763 1702 subtemini
788 1651 833 1702 ea
857 1651 956 1723 quae
985 1631 1341 1704 commemoratione
1361 1629 1427 1701 di-

299 1785 376 1856 gna
395 1763 539 1856 passim
558 1764 713 1857 legerat.
738 1763 844 1840 Certe
859 1787 990 1838 eorum
1005 1786 1103 1858 quae
1123 1764 1291 1838 disertae
1307 1765 1428 1837 Pavo-

302 1897 386 1968 rino
401 1903 578 1991 exeerpta
597 1919 678 1970 esse
694 1897 852 1970 tradidit
866 1899 968 1971 bona
985 1921 1073 1992 pars
1088 1898 1275 1992 ejusmodi
1290 1903 1428 1971 conta-

303 2029 525 2103 minationis
545 2031 799 2125 suspicionem
818 2031 1008 2126 injiciunt.

351 2164 521 2259 Exempli
555 2186 683 2256 causa,
720 2165 752 2238 si
781 2188 858 2238 uno
895 2172 1100 2260 conspectu
1127 2167 1428 2240 consideraveris

306 2299 446 2372 naam
472 2298 684 2389 1000sv111,
703 2299 721 2371 r
740 2305 777 2372 a
797 2300 858 2390 rx,
881 2299 929 2372 aa
952 2299 1013 2394 (a.
1033 2300 1080 2372 re
1098 2301 1181 2396 α),
1205 2303 1277 2373 aaa
1306 2273 1431 2394 suspi-

306 2434 384 2506 cari
412 2433 528 2506 licet:
555 2454 642 2506 cum
662 2431 802 2506 Laertii
828 2439 960 2506 auctor
986 2434 1244 2530 Pythagoram
1263 2434 1431 2529 primum

306 2568 536 2640 intellexisse
555 2567 714 2640 dixisset
732 2568 895 2641 eundern
917 2589 998 2641 esse
1018 2568 1226 2663 Hesperum
1249 2590 1294 2641 ao
1315 2569 1432 2641 Luci-

307 2701 443 2793 ferum,
473 2702 686 2775 Favorinus
718 2707 848 2776 autem
876 2703 1095 2776 Parmenidi
1124 2703 1307 2797 placitum
1339 2702 1433 2775 illud

298 2836 509 2926 tribueret,
541 2835 745 2930 Diogenes,
782 2835 889 2910 lectis
927 2832 1259 2921 memorabilibus,
1287 2836 1435 2910 addidit

309 2969 445 3064 hi0(de
458 2969 721 3064 Parmenide)t
745 2975 793 3037 καὶ
821 2976 904 3038 δοκεῖ
920 2980 1109 3059 πρῶτος.....
1134 2974 1162 3037 οἳ
1185 2977 1216 3038 δὲ
1237 2973 1433 3058 Πυθαγόραν,

311 3103 388 3177 illic
417 3104 479 3198 (de
505 3104 764 3200 Pythagora):
788 3108 816 3171 ol
846 3111 878 3171 δέ
909 3105 970 3199 (id
1007 3111 1065 3178 est
1102 3105 1335 3200 Favorinus)
1370 3134 1436 3191 φασι
1465 3085 1469 3094 ’

311 3238 540 3326 Παρμενίδην.
580 3279 626 3290 -
660 3238 903 3312 Consimilem
930 3239 1217 3312 contaminandi
1249 3208 1436 3312 rationem

312 3371 553 3445 manifestius
572 3372 688 3446 etiam
702 3373 962 3468 deprehendas
976 3374 1123 3447 collatis
1142 3375 1241 3448 inter
1255 3396 1295 3447 se
1309 3374 1372 3466 lX,
1390 3373 1438 3446 23

313 3511 352 3579 et
377 3505 439 3598 lX,
468 3505 516 3578 29
541 3506 602 3602 (ir.
635 3507 683 3580 40
704 3508 786 3603 M.).
820 3509 915 3581 Cum
944 3509 1047 3581 enim
1073 3509 1287 3582 Favorinus
1315 3509 1438 3582 eidem

316 3639 534 3712 Parmenidi
562 3640 776 3714 vindicaret
808 3642 1009 3715 inventum
1038 3643 1230 3736 quendam
1257 3642 1440 3738 syllogis-

316 3796 436 3866 mum,
453 3797 529 3868 quo
548 3775 645 3847 Zeno
659 3774 807 3849 Eleates
821 3776 936 3870 vulgo
951 3777 1166 3850 hahehatur
1188 3777 1335 3870 primus
1359 3797 1440 3848 esse

315 3930 423 4000 usus,
446 3908 643 4002 Diogenes,
661 3908 757 3983 lecta
780 3908 994 4005 Omnipenu
1012 3910 1187 3995 historic,
1207 3909 1353 3983 auctori
1373 3931 1441 3982 suo

317 4041 466 4113 addidit
480 4041 557 4114 illio
573 4041 633 4134 (tle
646 4041 909 4138 'Parmenide):
929 4048 977 4111 καὶ
995 4053 1186 4130 πρῶτος....,
1205 4051 1245 4124 ὡς
1266 4047 1441 4130 Φαὸωρῖνας

317 4184 347 4242 ἐν
371 4182 543 4265 παντοδαπῇ
573 4184 693 4267 ἱστορίᾳ,
720 4176 783 4249 hio
810 4177 870 4272 (de
899 4177 1088 4273 Zenone):
1114 4180 1287 4264 Φαὸωρῑνος
1317 4184 1348 4244 δέ
1377 4205 1444 4263 φησι

319 4309 526 4395 Παρμενίδην,
547 4331 645 4402 quite
678 4292 797 4383 derb&
827 4311 926 4384 inter
953 4321 1002 4380 τὸν
1028 4310 1177 4398 Ἀχιλλέα
1196 4315 1287 4398 λόγον
1308 4310 1443 4396 ἠρώτησε

356 4583 364 4617 ¹
386 4583 434 4638 Sic
448 4585 529 4639 enim
543 4585 718 4640 emendavit
731 4587 828 4643 Cobet
841 4603 897 4660 pro
918 4558 958 4651 ὥξ
979 4598 1046 4657 φησι
1060 4569 1266 4656 Παρμενίδης·
