3676 5528
733 546 769 586 ns
792 543 858 587 11111
882 543 1025 594 siverim.
1423 533 1442 591 9

314 679 466 766 verunt,
484 674 539 747 ita
557 676 607 747 ab
626 676 813 748 ambobus
827 675 982 748 auditus
1001 681 1058 750 est
1070 676 1241 752 'Herodes
1252 679 1439 772 Atticus¹,

314 809 380 903 qui
405 829 482 900 005,
511 809 689 903 quamvis
717 810 817 884 inter
839 831 878 882 se
905 809 1145 903 dissidentes
1174 813 1258 907 pari
1277 814 1442 889 admira-

314 943 417 1016 tione
442 939 776 1036 prosequebatur?

365 1076 490 1148 Ambo
509 1053 624 1148 etiam
645 1098 692 1149 ex
710 1076 804 1149 Asia
814 1078 973 1150 Romam
992 1078 1219 1172 traiecerunt
1237 1102 1384 1154 necnon
1404 1087 1442 1155 et

316 1210 519 1283 inimicitia
544 1210 611 1282 illa
633 1232 732 1304 quae
756 1211 856 1283 inter
879 1233 941 1284 eos
961 1211 1232 1304 intervenerat,
1251 1215 1440 1310 siquidem

315 1346 417 1439 apud
439 1344 712 1417 Philostratum
731 1344 893 1438 legimus
908 1346 1013 1418 litem
1033 1347 1111 1420 illic
1130 1347 1229 1421 inter
1243 1371 1307 1421 005
1330 1371 1440 1422 exor-

316 1485 394 1551 tem
433 1478 574 1550 Romae
606 1480 652 1551 de
687 1479 833 1573 integro
863 1479 1006 1573 majore
1043 1483 1287 1555 vehementia
1322 1483 1440 1557 fuisse

315 1599 582 1702 instauratam,
598 1612 692 1685 adeo
711 1617 755 1686 ut
773 1613 1001 1687 nobilissimi
1017 1614 1104 1706 viri,
1118 1618 1291 1689 consules
1305 1639 1441 1690 consu-

315 1747 470 1841 lumque
502 1745 587 1836 filii,
624 1747 672 1818 ab
709 1751 871 1841 utraque
899 1754 1005 1841 parte
1038 1747 1214 1822 51010013.
1251 1750 1440 1825 Favorino

315 1886 415 1962 certe
434 1902 511 1953 non
532 1880 696 1953 defuisse
716 1881 782 1974 qui
805 1902 850 1953 ea
873 1881 913 1953 in
936 1904 977 1955 re
1001 1881 1174 1956 faverent
1197 1905 1440 1978 nequaquam

316 2014 457 2086 mirum
479 2017 549 2105 est,
567 2035 681 2107 quem
701 2036 725 2086 a
743 2014 874 2086 multis
893 2015 1056 2107 civibus,
1078 2020 1116 2088 et
1134 2016 1189 2089 eis
1209 2017 1312 2090 baud
1333 2018 1441 2110 igno·
1521 1988 1526 1999 ¹

314 2147 470 2236 bilibus,
482 2147 522 2258 in
541 2146 841 2219 familiaritatem
855 2153 1048 2242 receptum
1063 2171 1145 2222 esse
1156 2151 1257 2244 apud
1277 2150 1440 2223 Gellium

315 2281 547 2354 invenimus.
571 2280 626 2353 Ac
645 2281 811 2375 primum
838 2303 924 2354 cum
945 2282 1090 2355 Herode
1109 2283 1186 2373 1110,
1209 2306 1322 2378 quem
1351 2290 1440 2359 ante

315 2415 355 2489 in
384 2413 477 2487 Asia
510 2435 597 2486 eum
631 2413 852 2507 cognovisse
889 2415 1104 2509 suspicatus
1142 2414 1261 2506 sum‘,
1299 2419 1440 2491 Romae

314 2548 481 2644 profecto
518 2547 711 2619 artissima
744 2549 1016 2622 consuetudine
1045 2571 1165 2644 usque
1197 2552 1246 2623 ad
1280 2556 1440 2624 mortem

315 2682 541 2776 conjunctus
569 2687 638 2772 051,
670 2682 823 2775 quando
852 2703 938 2754 eum
961 2688 998 2756 et
1018 2684 1202 2757 librorum
1228 2707 1383 2757 suorum
1404 2692 1442 2759 01

315 2817 468 2892 aedium
495 2838 591 2911 quas
612 2816 755 2888 Romae
783 2816 1012 2909 possidebat,
1035 2822 1072 2890 et
1096 2819 1196 2890 servi
1224 2819 1438 2913 cujusdam,

315 2951 558 3045 Autolecytbi
577 2949 745 3039 nomine,
767 2950 833 3042 qui
849 2950 975 3023 Attica
994 2953 1111 3024 verba
1127 2952 1265 3025 Indicis
1283 2954 1440 3027 ridicule

316 3263 443 3317 Dionem
460 3277 479 3316 a
500 3254 646 3316 Favorino
668 3261 766 3316 fuisse
791 3263 947 3332 auditum,
964 3264 1047 3332 quod
1067 3279 1175 3332 parum
1195 3265 1361 3320 verisimile
1380 3271 1439 3336 est,

316 3352 469 3420 siquidem
491 3351 657 3406 Favorinus
682 3365 742 3405 non
767 3355 839 3406 ante
861 3367 974 3406 annum
998 3353 1070 3408 LXX
1090 3358 1163 3422 post
1184 3354 1251 3409 Chr.
1276 3359 1366 3410 natus
1391 3360 1441 3411 est

315 3439 416 3510 (ibid,
431 3455 461 3508 p.
475 3439 549 3508 539).

351 3531 359 3565 ¹
381 3530 594 3598 Philostratus
617 3527 646 3582 V.
663 3527 704 3594 S.,
727 3529 749 3598 Ι,
769 3542 836 3599 vrrr,
859 3530 951 3599 4311,
973 3543 993 3600 1,
1016 3531 1060 3586 31,
1085 3533 1237 3587 Herodem
1256 3534 1339 3587 illum
1362 3534 1439 3588 satis

316 3623 440 3674 constat
454 3619 543 3673 annis
559 3618 768 3673 cxxv-CXXX
783 3619 812 3672 in
828 3619 901 3673 Asia
919 3619 1082 3674 liberarum
1103 3622 1260 3676 civitatum
1279 3613 1439 3692 διορθωτὴν

316 3709 413 3763 101550
428 3708 482 3777 (Cf,
498 3706 760 3776 Vidal-Labiache,
772 3707 889 3761 He'rode
904 3707 1031 3778 Atticus,
1046 3724 1075 3777 p.
1090 3709 1194 3780 21-22).
1227 3717 1231 3722 '

351 3795 361 3830 ²
380 3798 422 3852 Cf.
438 3797 701 3865 Vidal-Lablache,
717 3811 762 3865 op.
781 3796 874 3859 101111..
888 3812 917 3866 p.
931 3797 993 3852 141.

350 3884 361 3918 ³
379 3886 593 3954 Philostratus,
608 3883 644 3938 'V.
659 3883 702 3951 S.,
718 3885 740 3954 l,
752 3897 818 3955 v111,
831 3885 856 3940 5.
874 3888 1002 3941 Romam
1016 3888 1101 3942 venit
1115 3890 1238 3944 Polemo
1254 3891 1440 3958 imperatore

316 3975 479 4043 Antonino,
496 3989 588 4042 quem
603 3975 822 4041 proconsulem
837 3975 867 4028 in
880 3976 954 4029 Asia
966 3975 1084 4030 viderat
1099 3977 1261 4046 (111.,11111.,
1278 3979 1300 4048 l,
1314 3992 1385 4047 xxv,
1396 3977 1438 4048 8);

315 4064 481 4118 Favorinus
496 4067 599 4117 autem
614 4063 771 4131 aliquanto
784 4067 865 4132 ante,
884 4065 1037 4132 siquidem
1052 4081 1089 4120 eo
1101 4067 1289 4124 familiariter
1301 4082 1378 4122 usus
1391 4072 1441 4122 est

315 4153 505 4207 Hadrianus:
525 4165 701 4221 quanquam
720 4152 750 4205 10
764 4152 837 4206 Asia
854 4153 991 4221 incipere
1009 4156 1109 4222 potuit
1124 4169 1162 4209 ea
1176 4157 1379 4211 consuetude.
1397 4156 1438 4211 Cf.

315 4241 495 4311 infrapll.

350 4329 361 4363 ⁴
380 4330 467 4396 Quod
489 4345 526 4384 eo
549 4329 660 4396 conjici
682 4333 788 4398 potest
809 4331 892 4399 quod
915 4333 1053 4387 Herodes
1082 4335 1227 4389 Favorino
1251 4335 1440 4390 amicissime

315 4421 449 4488 scriptas
465 4418 607 4473 mittebat
621 4419 782 4488 epistulaS,
797 4420 909 4488 quibus
923 4421 1159 4489 cupidissimum
1173 4437 1245 4478 sese
1261 4426 1441 4491 praestabat

314 4510 425 4564 iterum
453 4508 572 4562 visendi
601 4521 672 4561 eum
701 4522 793 4575 quem
819 4513 938 4575 patrem
970 4515 1002 4564 et
1033 4512 1214 4579 magistrum
1241 4515 1440 4581 nuncupabat

314 4599 541 4666 (Philostratus,
560 4596 590 4650 V.
605 4595 648 4663 S.,
660 4597 682 4665 I,
695 4609 762 4667 vrrr,
774 4597 811 4666 4).
