3676 5528
406 512 445 572 32
714 509 718 518 '
789 574 793 586 ,
891 528 982 572 σκυυπ
1003 529 1037 572 u.

406 659 584 732 tumelies
608 659 792 753 despexit.
823 658 899 732 Nec
927 680 1016 731 vero
1038 658 1133 730 illud
1152 659 1530 751 praetermittendum

407 792 509 886 quod
531 799 664 865 auctor
689 814 839 887 quoquc
868 792 1132 865 Corinthiacae
1152 792 1336 865 orationis
1365 792 1532 866 Socratis

407 927 624 1020 exemplum
643 927 815 1020 protulit,
832 931 1016 1020 tanquam
1037 926 1084 999 oh
1099 926 1238 998 falsum
1258 927 1402 1000 crimen
1422 927 1532 1021 capi-

407 1061 457 1134 tis
472 1061 644 1132 damnati
656 1067 681 1132 ¹.
703 1060 873 1154 Denique
888 1060 1065 1133 nonnihil
1077 1060 1319 1166 'cognationis
1337 1061 1421 1155 jure
1436 1060 1531 1135 mihi

409 1193 541 1266 videor
558 1192 837 1288 deprehendere
856 1192 955 1264 inter
979 1192 1162 1265 orationis
1187 1194 1452 1267 Corinthiocae
1470 1196 1533 1268 lo-

408 1350 496 1401 cum
520 1329 711 1422 quendam
734 1333 772 1400 et
797 1328 977 1400 Favorini
1009 1328 1265 1422 fragmentum
1293 1330 1486 1422 quoddam
1510 1352 1534 1402 a

409 1461 575 1555 Diogene
594 1462 743 1535 Laertio
757 1463 972 1535 servatum2
994 1485 1002 1534 :

461 1591 592 1668 Oratio
616 1593 876 1680 Corinthiaco,
896 1595 966 1668 41:
997 1605 1077 1672 Οἶδα
1099 1603 1260 1691 tepet...
1282 1611 1331 1672 καί
1358 1607 1532 1694 Δημητρίου

409 1742 459 1796 τοῦ
476 1730 645 1816 Φαληρέως
664 1736 874 1806 πεντακοσίους
894 1729 1067 1815 ἀνδριάντας
1087 1733 1135 1795 καίΙ
1154 1735 1270 1815 χιλίους
1291 1739 1346 1796 ὐπδ
1366 1728 1531 1814 Ἀθηναίων

411 1858 461 1942 μιᾷ
485 1857 533 1919 καί
559 1869 594 1941 τῇ
623 1857 695 1942 αὑτῇ
721 1862 820 1943 ἡμέρᾳ
842 1856 954 1932 πάντας
974 1861 1214 1941 καθῃρημένους·
1237 1859 1404 1938 ἑτολμησαν
1430 1845 1461 1922 δὲ
1485 1861 1533 1923 καί

411 1980 561 2045 Φιλίππου
589 1993 640 2046 τοῦ
669 1984 814 2059 βασιλέως
843 1980 949 2061 ἀμίδας
974 1981 1198 2045 κατασκεδάσαι.
1226 1976 1382 2062 Ἀθηναῖοι
1406 1988 1458 2062 μὲν
1483 1981 1532 2046 οὖν

410 2119 464 2186 τῆς
480 2093 592 2182 εἰκονος
612 2104 698 2190 οὖρον
715 2111 870 2190 κατέχεον,
893 2111 1006 2182 ἐκεῖνος
1021 2109 1051 2169 δὲ
1066 2119 1120 2186 τῆς
1135 2107 1254 2182 πόλεως
1270 2103 1343 2186 αἷμα
1363 2107 1411 2170 καί
1425 2113 1533 2192 τέφραν

412 2232 460 2294 καὶ
479 2234 590 2294 κονίαν.
889 2288 895 2295 .
1085 2287 1089 2294 .
1248 2289 1252 2294 .
1526 2285 1530 2292 .

461 2351 646 2445 Diogenes
661 2352 847 2441 Laertius,
858 2353 905 2444 V,
920 2353 964 2424 ll
980 2352 1041 2447 (fr.
1058 2351 1105 2424 35
1121 2351 1189 2446 Μ.)
1204 2375 1212 2424 :
1228 2361 1274 2427 Ol
1291 2369 1348 2445 μὴν
1364 2369 1533 2450 ἐκυρίευσαν

411 2501 462 2555 τοῦ
494 2487 629 2569 σώματος
662 2490 750 2554 αὑτοῦ
780 2485 969 2574 (δημητρίου
998 2501 1048 2562 τοῦ
1078 2484 1276 2573 Φαληρέως),
1306 2487 1387 2553 ἀλλὰ
1415 2497 1463 2554 τδν
1493 2489 1534 2554 ter

412 2614 566 2699 ἀπήρυγον
594 2613 636 2689 είς
662 2620 711 2679 τδν
734 2617 862 2697 χαλκὶν,
890 2615 1131 2689 κατασπάσαντες
1151 2613 1239 2677 αὐτοῦ
1259 2612 1312 2690 τὰς
1335 2613 1463 2695 είκὸνας,
1487 2616 1536 2678 καὶ

411 2738 464 2815 ’τὰς
495 2746 546 2820 μὲν
571 2737 759 2819 ἁποδὸμενοι,
785 2737 838 2814 τὰς
864 2741 895 2802 δὲ
919 2741 1104 2818 βυθίσαντες,
1124 2737 1177 2812 τὰς
1198 2741 1229 2802 δὲ
1250 2741 1473 2820 κατακόψαντες
1493 2737 1534 2816 εἷς

412 2865 537 2946 ἀμίδας·
554 2868 676 2946 λέγεται
690 2862 748 2947 γὰρ
764 2864 812 2926 καί
826 2861 1153 2946 τοῦτο....Φα6ωρῖνος
1173 2866 1204 2926 δέ
1220 2889 1302 2946 φησιν
1317 2868 1346 2926 ἐν
1362 2867 1533 2949 παντοδαπῇ

413 2993 523 3076 ἱστορίᾳ
538 3000 624 3053 τοῦτο
643 3002 761 3068 ποιῆσαι
780 2991 848 3063 τοὺς
873 2983 1049 3068 Ἀθηναίους
1071 2955 1246 3071 Δημητρίου
1265 2992 1462 3065 κελεύσαντος
1483 3001 1534 3054 τοῦ

329 3143 332 3151 “
415 3117 559 3192 βασιλέως
573 3105 598 3173 ³.
881 3083 883 3087 -

462 3236 530 3327 Ac,
561 3256 609 3307 ue
635 3234 730 3308 forte
758 3233 908 3307 mireris
931 3257 999 3307 cur
1020 3235 1313 3308 Atheniensium
1341 3235 1535 3310 levitatem

413 3373 527 3462 atque
563 3367 803 3461 iniquitatem
839 3369 1005 3441 breviter
1038 3368 1194 3441 irridere
1232 3370 1325 3442 satis
1358 3371 1537 3444 hahuerit

451 3680 457 3713 ¹
480 3677 562 3734 Orat.
581 3677 728 3748 Corinth,
744 3679 792 3736 32.

413 3809 417 3813 -
449 3765 459 3800 ²
478 3769 629 3824 Nonnulla
643 3769 711 3836 alia,
720 3769 835 3824 leviora
847 3768 981 3837 quidem,
993 3769 1290 3825 interGorinthiacae
1306 3770 1453 3825 orationis
1467 3754 1536 3825 auc·

413 3860 512 3911 torem
527 3861 559 3911 et
576 3858 754 3912 Favorinum
770 3858 954 3926 eommunia,
969 3859 1160 3925 stringuntur
1174 3874 1193 3913 a
1214 3861 1358 3929 Maassi0,
1379 3875 1424 3928 op.
1441 3859 1534 3930 laud,

413 3945 513 4014 p.135
526 3961 597 4015 sqq.

449 4044 460 4077 ³
478 4036 726 4090 Wilamowitzius
742 4034 918 4104 (Antigones
939 4051 994 4092 voa
1016 4037 1170 4106 Karystos,
1186 4037 1300 4091 Philet.
1320 4037 1447 4108 Uetera,
1467 4039 1537 4093 Heli

413 4126 460 4195 IV,
472 4141 501 4193 p.
512 4125 556 4194 46,
568 4125 637 4179 adn.
649 4125 677 4192 2)
690 4125 832 4193 opinatur
851 4139 910 4178 non
932 4126 1022 4180 modo
1042 4131 1167 4181 tenuem
1184 4128 1263 4181 hanc
1281 4141 1355 4196 rem,
1367 4128 1535 4182 novissime

413 4229 433 4268 a
453 4216 588 4282 Diogene
610 4218 820 4282 memoratam,
835 4215 890 4268 sed
910 4219 1005 4268 totam
1029 4217 1199 4271 sectionem
1215 4215 1248 4269 77
1271 4231 1288 4271 e
1310 4218 1457 4272 Favorino
1474 4232 1537 4271 ma·

414 4319 502 4360 nare:
515 4318 617 4372 neque
630 4303 711 4357 euim
724 4304 783 4358 nisi
795 4304 935 4370 frigidum
947 4305 1100 4360 rhetorem
1113 4306 1256 4373 potuisse
1266 4305 1379 4375 dicere,
1393 4307 1537 4361 videlicet

414 4395 487 4462 quia
513 4393 631 4460 aspidis
658 4407 762 4447 morsu
785 4393 899 4447 interiit
925 4394 1099 4449 Demetrius
1125 4396 1302 4465 PhalereuS,
1329 4396 1535 4451 Athenienses

412 4497 564 4537 venenum
575 4496 665 4536 suum
678 4483 707 4535 iu
721 4496 775 4536 aes
789 4483 989 4537 eructavisse.
1003 4484 1067 4541 Nec
1080 4499 1152 4539 vero
1165 4485 1290 4539 dubium
1304 4488 1354 4540 est
1363 4486 1436 4553 quin
1451 4489 1536 4540 totus
1582 4492 1587 4501 ‘

413 4571 463 4627 hic
476 4573 564 4627 locus
579 4571 765 4627 rhetoricum
780 4572 926 4641 quiddam
939 4576 1031 4628 sonet
1041 4577 1073 4628 et
1086 4575 1259 4643 sophistam
1274 4574 1425 4630 redoleat.
