3648 5528
651 581 688 628 na
710 581 842 624 rnvomm
863 560 1044 644 πολυμαθία.
1377 553 1416 612 99

293 713 399 786 Unde
422 715 527 807 patet
554 713 671 784 verba
696 716 744 779 καὶ
767 713 893 796 ἀδελφόν
918 719 988 797 ἔσχε
1013 713 1271 796 Καλλικρατίδην,
1302 730 1415 802 quae,

292 869 514 940 quanquam
534 845 691 917 minime
712 843 971 938 superioribus
994 843 1261 933 cohaerebant,
1289 842 1419 915 Favo-

292 979 376 1052 rino
396 979 710 1052 adscribebantur
723 983 749 1068 ¹,
771 976 873 1049 nihil
889 977 937 1049 ad
957 998 1045 1049 eum
1068 977 1269 1071 pertinere.
1497 961 1499 964 ’

342 1113 445 1200 Quae
464 1084 748 1198 autemdiserte
762 1110 985 1183 aFavorino
1000 1111 1047 1184 de
1061 1110 1285 1205 Empedocle
1298 1113 1422 1191 relata

294 1252 397 1338 sunt,
411 1228 490 1319 'etsi
515 1245 555 1317 in
575 1250 751 1338 nepotem
771 1244 904 1317 cadere
931 1245 1178 1318 verisimilius
1196 1251 1267 1336 est,
1290 1251 1419 1319 temen
1488 1303 1493 1316 .

293 1380 420 1454 nescio
440 1402 490 1452 an
505 1379 554 1451 ad
574 1401 692 1451 avum
711 1378 909 1451 referenda
929 1378 1017 1450 sint.
1041 1378 1084 1450 In
1103 1378 1190 1450 aliis
1209 1385 1308 1452 c'erte
1326 1379 1421 1473 qui-

294 1515 456 1588 busdam
486 1513 591 1604 locis,
622 1533 680 1602 ea,
702 1511 842 1605 quibus
872 1509 1057 1606 Diogenes
1088 1517 1282 1586 auctorem
1307 1535 1420 1586 suum

293 1653 419 1742 auget,
436 1669 514 1719 non
534 1644 663 1718 omnia
682 1645 731 1717 ad
750 1667 852 1736 eum,
874 1643 983 1739 cujus
1005 1645 1126 1719 vitam
1150 1668 1237 1720 cum
1253 1646 1420 1720 maxime

293 1781 485 1870 describit,
507 1780 784 1874 philosophumw
803 1779 1007 1873 pertinent,
1036 1769 1114 1870 sed,
1136 1785 1181 1852 ut
1207 1782 1279 1854 hoc
1304 1786 1420 1874 atque

293 1916 388 1989 illud
417 1915 577 1987 verbum
603 1934 792 1986 nomenve
820 1912 1055 1986 occasionem
1084 1914 1118 1986 ei
1149 1915 1338 2008 praebuit,
1365 1914 1420 1986 ita

294 2047 510 2122 adventicia
549 2047 722 2120 doctrina
756 2046 1049 2119 commentarios
1073 2053 1265 2122 exornat.
1312 2049 1419 2136 Quod

293 2182 502 2256 rectissime
538 2180 636 2253 vidit
674 2179 940 2252 Volkmannus
978 2181 1018 2252 in
1056 2181 1234 2275 Diogene,
1268 2181 1331 2274 IX,
1371 2183 1421 2255 50

243 2407 246 2415 γ
297 2317 356 2410 (ir.
379 2315 427 2388 ta
447 2314 529 2409 Mb,
547 2314 598 2392 de
617 2335 693 2408 quo
713 2313 893 2385 subtilius
919 2337 1035 2407 quam
1065 2315 1192 2390 verius
1220 2321 1314 2390 ante
1334 2318 1420 2390 dis-

293 2454 497 2545 putaverat
529 2447 870 2538 Wilamowitzius,
906 2448 966 2521 vir
997 2448 1139 2542 alioqui
1176 2426 1419 2525 acutissimae
1511 2485 1514 2492 ·

116 2554 128 2573 ·
213 2633 219 2644 ·
294 2584 401 2658 aciei.
417 2563 518 2656 Hace
533 2582 755 2654 suntvcrba
770 2580 974 2675 Diogenis:
999 2584 1162 2666 Διήκουοεν
1179 2593 1192 2650 ό
1210 2586 1419 2674 Πρωταγόρας

296 2721 486 2806 Δημοκρίτου
508 2715 660 2804 [ἐκαλεῖτό
679 2744 711 2783 τε
732 2717 837 2802 Σοφία,
854 2719 894 2794 ὥς
916 2745 983 2802 φησι
1002 2719 1177 2804 Φαόωρῖνος
1198 2725 1228 2785 ἐν
1246 2725 1417 2808 παντοδαπῇ

295 2850 418 2942 ἱστορίᾳ]
439 2855 487 2918 καί
511 2859 629 2937 πρῶτος
649 2857 702 2934 ἔφη
727 2855 777 2916 δύο
792 2853 903 2934 λόγους
923 2850 999 2917 εἶναι
1014 2855 1082 2937 περὶ
1105 2860 1215 2930 παντός
1241 2855 1419 2942 πράγματος

295 2987 514 3067 ἀντικειμένους
533 2984 695 3065 ἀλλήλους,
717 2981 762 3060 οἷς
783 2985 831 3049 καὶ
851 2984 1018 3069 συνηρώτα,
1041 2993 1159 3070 πρῶτος
1180 2999 1265 3052 τοῦτο
1287 2989 1416 3084 πράξας.

297 3119 392 3190 Cum
412 3117 505 3190 satis
526 3120 716 3189 constaret
735 3112 960 3207 Democrito,
983 3139 1059 3189 non
1080 3117 1308 3212 Protagorae
1322 3119 1422 3192 indi-

296 3257 378 3326 tum
401 3251 519 3324 fuisse
548 3249 642 3322 illud
669 3225 878 3342 cognomen
906 3249 1013 3345 (nam
1036 3251 1279 3344 illequidem
1303 3254 1418 3341 Λόγος,

296 3408 373 3458 non
389 3389 482 3492 Σοφία
501 3384 625 3457 dictus
642 3384 729 3475 est),
742 3383 971 3477 opinabatur
983 3385 1167 3458 Ζυίίυιίιυ9
1178 3385 1217 3458 id
1236 3409 1256 3459 e
1274 3387 1422 3480 magis-

296 3525 355 3591 tro
374 3519 423 3590 ad
444 3517 673 3611 discipulum
689 3515 942 3610 (Democritus
961 3517 1064 3591 enim
1083 3523 1304 3614 praeceptor
1324 3520 1422 3592 Pro-

297 3658 453 3746 tagorae
473 3649 694 3744 terebatur),
712 3649 779 3741 qui
808 3649 1140 3745 frequentissimus
1157 3649 1221 3726 'est
1253 3675 1369 3745 error,
1399 3677 1423 3726 a
1468 3695 1471 3702 ·

299 3786 489 3859 Favorino
522 3784 639 3857 tuisse
671 3785 915 3857 translatum.
952 3786 1048 3858 Tum
1082 3786 1421 3880 WilamowitziuS,
1514 3832 1517 3838 -

299 3919 434 3992 60Πᾶίο
462 3917 582 3991 suida
609 3915 656 4010 (S.
679 3939 717 3987 V.
742 3917 981 4007 Πρωταγόρας),
1011 3897 1164 4002 ἐπεκλήθη
1190 3929 1308 4007 πρῶτος
1338 3921 1424 4000 οὗτος

300 4062 450 4138 σοφιστής,
470 4060 588 4139 πρῶτος
609 4047 723 4127 δὀότος
743 4053 812 4128 τοὺς
836 4057 998 4137 ἐριστικοὺς
1025 4054 1136 4138 λόγους
1161 4051 1230 4138 εὗρε
1253 4056 1302 4118 καί
1324 4053 1424 4139 ἀγῶνα

299 4181 399 4264 λόγων
420 4185 590 4260 ἐποιήσατο,
612 4172 826 4267 suspicatus
854 4179 911 4247 est
939 4175 1158 4270 Diogenem,
1181 4176 1280 4248 male
1308 4177 1426 4250 sedu-

300 4398 304 4402 ’
337 4417 345 4452 ¹
368 4417 413 4472 cf.
433 4417 623 4490 Mar1·eS,op.
640 4421 739 4491 laud„
755 4423 791 4476 fr.
812 4420 859 4480 47.
970 4396 973 4400 ¹

303 4505 543 4664 οζρΖρΙΙοιγ-Ρίι.
566 4509 598 4564 d.
615 4510 685 4579 Gr„
700 4509 733 4579 1⁴,
750 4526 783 4578 p.
797 4511 860 4580 945,
874 4513 946 4568 adn.
964 4514 993 4568 2.
1013 4515 1054 4569 Cf.
1073 4516 1251 4586 Volkmann,
1269 4533 1313 4586 op.
1333 4517 1426 4584 laod,

365 4636 371 4650 .
402 4610 449 4664 ,p.
484 4639 491 4654 .
