3676 5528
586 1405 770 1493 CAPUT
826 1406 1141 1494 SECUNDUM

615 1941 672 2008 Do
702 1899 895 2007 Favorino
926 1939 1114 2028 sophista.

353 2493 461 2566 Nunc
488 2496 692 2587 postquam
720 2489 842 2563 vitam
869 2490 1049 2563 Favorini
1074 2493 1261 2585 persecuti
1294 2516 1427 2567 sumus

304 2628 505 2723 variosque
529 2625 611 2720 ejus
638 2624 853 2720 magistros
880 2624 1036 2715 amiooS,
1068 2625 1273 2720 discipulos
1300 2651 1428 2703 recen-

305 2763 464 2853 suimus
487 2760 747 2855 quaerendum
763 2781 844 2832 esse
866 2765 955 2832 ante
978 2761 1108 2834 omnia
1122 2761 1274 2835 videtur
1287 2786 1362 2857 quo
1378 2765 1428 2837 sit

303 2896 457 2968 nomine
476 2895 557 2988 ipse
572 2893 822 2988 appellandus
841 2893 1056 2987 quibusque
1076 2896 1290 2969 oratoribus
1310 2898 1427 2993 scrip-

302 3013 497 3103 toribusve
522 3019 834 3101 adnumerandus
864 3049 872 3098 :
903 3032 993 3100 sunt
1020 3028 1122 3100 enim
1151 3029 1217 3125 qui
1247 3031 1428 3124 sophistis

302 3186 390 3238 eum
422 3162 655 3257 adjudicent,
684 3160 750 3234 alii
774 3165 903 3234 autem
923 3161 1186 3256 philosophiae
1213 3164 1424 3238 vindicant.

303 3298 357 3372 De
374 3319 450 3394 quo
476 3317 564 3369 cum
590 3295 665 3368 duo
696 3295 822 3367 adhuc
849 3299 1000 3367 exstent
1025 3295 1219 3390 praecipui
1239 3303 1424 3390 auctores,

303 3431 466 3507 Gellium
488 3450 668 3524 praesens
688 3428 729 3499 in
749 3433 900 3522 tempus
924 3428 1098 3502 omittere
1121 3429 1220 3520 licet,
1238 3432 1426 3526 quiajam

303 3564 534 3640 senescentis
553 3561 733 3637 Favorini
759 3561 970 3656 discipulus
985 3562 1138 3636 videtur
1163 3543 1307 3661 fuisse,
1330 3566 1427 3638 Phi-

302 3701 504 3775 lostratum
533 3701 677 3788 autem,
707 3718 929 3791 quanquam
958 3718 1028 3770 nee
1051 3719 1117 3792 pes
1146 3720 1217 3771 nec
1239 3706 1355 3795 caput
1387 3701 1427 3773 in

303 3835 385 3931 ejus
404 3832 623 3907 narratione
637 3834 806 3926 apparet,
825 3831 856 3904 si
875 3831 962 3926 quis
981 3832 1043 3904 vel
1068 3831 1208 3904 cursim
1228 3836 1424 3927 evolverit,

303 3992 388 4044 eam
403 3968 571 4041 maxime
586 3965 804 4060 opinionem
819 3965 1018 4060 concipiet,
1038 3966 1276 4039 simillimum
1294 3971 1427 4043 ceteris

304 4102 486 4199 sophistis
504 4099 622 4174 fuisse
642 4099 877 4173 Favorinum
901 4122 1063 4194 quorum
1085 4100 1186 4174 vitas
1205 4102 1430 4198 conscripsit

304 4237 353 4333 (si
368 4239 440 4310 hoc
459 4235 614 4308 nomine
628 4233 819 4328 appellare
836 4232 925 4306 licet
938 4232 1107 4327 undique
1127 4234 1302 4309 collectas
1314 4240 1428 4331 atque

305 4373 346 4446 in
366 4393 488 4446 unum
512 4369 669 4443 collatas
692 4367 871 4462 fabulas).
896 4367 1065 4456 Quorum
1084 4368 1285 4442 hominum
1309 4393 1429 4465 paene

305 4504 499 4580 infinitam
526 4502 750 4577 varietatem
775 4502 1042 4575 communibus
1060 4502 1291 4596 quibusdam
1311 4504 1430 4600 signis

305 4640 515 4736 exprimere
548 4643 598 4728 et,
628 4641 817 4730 quantum
851 4636 1006 4731 quidem
1033 4636 1117 4712 fieri
1146 4642 1281 4731 potest,
1311 4662 1430 4714 unam
