3676 5528
677 568 715 610 nr
737 565 878 610 ravennio
899 565 1080 610 rnraosorno.
1403 545 1441 607 ll

316 698 389 772 bus
405 723 440 791 a,
456 697 618 772 distrahi
633 696 803 792 jubebat,
820 721 837 768 «
860 696 1041 770 immanis
1060 701 1097 770 et
1115 695 1273 770 efferata
1287 700 1326 770 et
1338 717 1443 790 pror-

317 856 382 907 sus
399 835 449 908 ab
463 832 631 906 hominis
646 831 799 925 ingenio
814 831 967 904 diversa
978 856 997 902 n
1010 831 1044 904 ei
1060 831 1297 904 videbatur¹.
1310 830 1381 919 Qui
1396 831 1443 903 de

317 968 510 1046 veteribus
525 966 673 1061 legibus
688 966 742 1038 ita
753 963 1005 1059 judicaverat,
1022 967 1185 1039 eundem
1205 965 1360 1055 Gallina,
1376 964 1442 1059 qui

317 1101 351 1174 ei
366 1100 532 1175 sermoni
552 1098 789 1190 interfuerat,
811 1099 858 1171 de
875 1096 1014 1192 judicis
1029 1098 1166 1197 ciliciis
1182 1098 1273 1172 scite
1288 1103 1326 1172 et
1344 1102 1443 1170 recte

285 1291 289 1297 .
316 1234 486 1329 judicare
505 1255 614 1328 posse
636 1236 768 1328 postea
787 1231 997 1306 arbitratus
1016 1236 1086 1306 est.
1115 1232 1211 1304 Cum
1235 1231 1352 1323 enim,
1383 1230 1444 1304 vir

314 1371 452 1461 'lactus
466 1392 486 1439 o
505 1391 529 1441 a
547 1367 786 1462 praetoribus
800 1367 920 1440 leatus
935 1367 976 1439 in
991 1367 1136 1461 judices
1155 1373 1266 1459 esset,
1279 1371 1323 1440 ut
1340 1366 1443 1461 judi-

317 1503 375 1575 cia
393 1525 492 1596 quae
511 1502 753 1596 appellantur
770 1500 922 1594 privata
954 1501 1162 1596 susciperet
1182 1525 1215 1587 u,
1241 1501 1374 1575 incidit
1402 1500 1442 1574 in

319 1661 338 1708 r<
366 1635 672 1731 inexplicabilem
699 1635 1176 1729 reperiendaesententiae
1205 1635 1444 1730 ambiguita-

316 1776 393 1844 tem
407 1795 439 1862 n,
453 1770 508 1842 ita
526 1774 571 1842 ut
584 1790 707 1864 neque
727 1769 980 1842 condemnare
1000 1769 1160 1842 auderet
1171 1790 1294 1865 neque
1304 1768 1442 1843 adduci

316 1909 443 2000 posset
465 1904 513 1976 ad
546 1902 835 1977 absolvendum.
859 1903 956 1975 'lum
982 1925 1059 1976 non
1092 1903 1297 1976 Caecilium
1334 1903 1443 1976 illum

317 2036 616 2133 adiit,quamvis
634 2036 780 2131 peritus
794 2037 921 2130 legum
941 2038 1159 2128 haberetur,
1172 2038 1238 2111 sed
1257 2038 1307 2110 ad
1323 2038 1445 2112 Favo-

317 2172 392 2244 rini
411 2171 678 2246 auctoritatem
697 2175 735 2242 et
758 2169 917 2276 consilia
937 2169 1141 2265 confugit2,
1164 2171 1226 2244 cui
1248 2178 1445 2245 enarraret
1476 2196 1479 2201 ·

317 2329 394 2402 qua
426 2305 608 2399 religione
648 2303 832 2376 sollicitus
864 2309 1108 2378 cunctaretur
1135 2327 1298 2399 eumque
1330 2306 1445 2379 simul

317 2439 394 2512 alia
411 2460 561 2533 quoque
579 2441 730 2531 rogaret
756 2461 776 2507 <r
803 2459 901 2531 quae
930 2437 970 2509 in
991 2437 1118 2511 ollicio
1142 2438 1281 2532 judicis
1309 2441 1444 2513 obser-

317 2574 445 2646 vanda
464 2572 586 2645 forent
613 2596 647 2646 n.
677 2571 784 2658 Quod
803 2571 945 2664 optimo
960 2575 1018 2644 est
1037 2578 1261 2666 argumento
1288 2571 1444 2646 Favori-

318 2731 411 2780 num
423 2729 501 2780 non
521 2706 665 2779 minore
685 2705 810 2778 studio
829 2705 1015 2799 ejusmodi
1031 2728 1090 2778 res
1108 2711 1269 2780 tractare
1290 2707 1443 2780 solitum

317 2864 434 2935 quarn
449 2861 547 2934 quae
562 2840 610 2912 ad
625 2838 854 2912 rhetoricam
868 2840 1209 2932 grammaticamve
1225 2845 1345 2914 artem
1361 2863 1445 2935 per·

319 2975 504 3048 tinebant.

367 3108 470 3196 Quae
484 3129 571 3180 cum
588 3105 641 3179 ita
657 3105 745 3197 sint,
758 3105 892 3200 opinor
902 3105 1113 3180 infamibus
1127 3108 1243 3182 etiam
1257 3109 1441 3201 materiis

318 3241 373 3314 eis
392 3240 546 3336 quidem
566 3239 766 3334 dequibus
785 3260 862 3312 non
885 3240 925 3312 in
945 3240 1103 3314 Graecia
1129 3242 1193 3314 sed
1217 3242 1358 3316 Romae
1378 3243 1445 3315 de-

318 3375 500 3451 clamavit
513 3395 685 3470 quaeque
712 3372 881 3464 aGellio,
911 3396 988 3446 non
1007 3397 1031 3446 a
1050 3374 1280 3448 Philostrato
1300 3398 1444 3450 memo-

319 3514 424 3585 ratae
450 3512 553 3599 sunt,
583 3507 864 3602 philosophiam
887 3509 1081 3602 quandam
1106 3530 1194 3582 eum
1222 3510 1441 3586 inseruisse.

320 3644 492 3718 Primum
518 3641 621 3715 enirn
641 3639 783 3714 Gellius
814 3662 902 3713 eum
939 3663 1014 3714 non
1051 3643 1267 3715 ostentandi
1301 3643 1444 3738 ingenii

319 3800 448 3869 causa,
479 3775 544 3850 sed
567 3772 863 3869 expergificandi
889 3778 1070 3848 tractasse
1094 3775 1180 3849 illas
1199 3775 1310 3869 dixit,
1333 3784 1371 3851 et
1389 3780 1446 3851 di-

321 3917 417 3986 serte
437 3911 583 3985 addidit
601 3907 788 4003 ejusmodi
808 3908 988 3982 materias
1008 3931 1084 3982 non
1107 3910 1297 4004 sophistas
1317 3913 1443 4003 modo,

322 4047 386 4120 sed
401 4045 646 4141 philosophos
665 4063 815 4137 quoque
835 4063 916 4115 esse
935 4043 1124 4117 adortos³.
1139 4043 1246 4131 Quod
1255 4045 1381 4118 nescio
1395 4068 1446 4118 an

357 4340 365 4375 ¹
386 4339 511 4408 Gellius,
524 4337 561 4395 N.
572 4337 619 4418 d„
630 4337 690 4406 XX,
704 4349 725 4407 1,
741 4337 759 4391 4
771 4341 803 4394 et
814 4335 858 4394 19.

356 4430 368 4465 ²
387 4429 442 4500 ld.‚
455 4427 539 4498 ibid,
548 4429 622 4498 XlV,
634 4439 668 4496 11,
681 4426 725 4482 ll.
739 4426 782 4483 Cf.
794 4427 909 4496 XIV‚11,
922 4426 971 4482 24:
987 4445 1001 4479 κ
1012 4427 1095 4483 Haec
1105 4428 1178 4484 mibi
1190 4433 1254 4484 turn
1269 4430 1446 4501 FavorinuS,

315 4523 356 4574 ut
368 4519 465 4574 virum
474 4515 690 4588 philosophum
705 4515 819 4586 decuit,
837 4515 948 4572 suasit.
970 4534 984 4566 n

356 4606 368 4642 ³
387 4608 442 4678 ld,
456 4606 540 4677 ibid,
551 4606 588 4662 N.
604 4605 651 4674 A„
667 4606 755 4676 XVII,
769 4618 824 4676 xn,
844 4605 871 4661 l.
894 4605 968 4660 Cum
981 4605 1067 4661 Gellii
1084 4607 1188 4662 verbis
1204 4613 1447 4666 consentaneum
