3648 5528
411 547 451 609 Di
893 563 983 610 eluar
1005 562 1032 607 v.

410 705 618 802 Maassium
637 727 682 778 θα
704 705 751 778 de
765 725 805 776 re
821 708 986 796 secutus,
1008 702 1226 778 Nietzsoheo
1248 698 1535 778 assentiendum

409 836 586 926 arbitror,
612 842 839 931 «excerpta,
863 837 962 910 sicut
980 838 1020 909 iu
1049 837 1205 930 legendo
1226 844 1336 912 erant
1359 838 1472 929 iacta,
1496 840 1535 911 in

410 972 724 1045 collectaneorum
744 971 1048 1066 promptuarium
1066 977 1147 1044 rato
1168 967 1354 1045 translata
1373 979 1475 1048 esse¹
1500 998 1533 1046 n.

461 1105 508 1178 Ut
528 1128 617 1178 vero
632 1105 788 1178 difficile
803 1111 861 1178 est
875 1127 951 1178 uno
977 1110 1179 1201 conspectu
1198 1106 1376 1200 amplecti
1405 1104 1538 1179 Omni-

408 1261 547 1335 qeaam
571 1237 774 1313 historiam
794 1244 844 1311 -et
872 1236 1148 1313 Memorabilia
1167 1238 1367 1324 Favorini,
1386 1244 1423 1313 et
1447 1261 1536 1312 con-

409 1373 565 1446 stituere
584 1374 714 1467 qualia
732 1378 859 1446 esseut
877 1395 964 1446 cum
978 1373 1125 1468 integra
1144 1373 1209 1446 illa
1226 1372 1323 1446 adiit
1337 1373 1534 1468 Diogenes,

409 1506 476 1598 ita,
488 1507 520 1579 si
540 1507 580 1578 in
594 1528 641 1580 ea
658 1528 756 1601 quae
775 1508 901 1579 adhuc
921 1508 1023 1601 apud
1038 1513 1125 1581 eum
1140 1513 1348 1599 auctorem,
1359 1507 1537 1602 quamvis

409 1640 546 1731 lacera,
572 1645 737 1732 exstant,
764 1640 934 1713 studium
965 1646 1242 1731 convertemus,
1270 1641 1309 1714 id
1336 1641 1537 1736 praecipue

408 1778 634 1867 quaerentes
666 1797 835 1869 quanam
873 1775 1020 1847 rationo
1062 1797 1176 1869 opera
1213 1775 1279 1848 illa
1319 1774 1538 1848 adhibuerit
1590 1859 1593 1866 y

408 1929 601 2001 quamque
626 1907 706 2002 ipse
730 1908 818 1980 inde
847 1908 1054 1981 utilitatem
1084 1908 1304 2002 perceperit,
1334 1929 1411 1980 non
1440 1908 1539 1980 nihil

408 2040 509 2113 ellici
528 2045 664 2135 potest,
686 2042 883 2114 doctorum
902 2042 1124 2135 praesertim
1146 2041 1317 2115 virorum
1335 2041 1534 2132 beneficio,

408 2174 474 2269 qui
495 2175 535 2246 in
553 2174 614 2247 his
630 2174 787 2269 triginta
804 2175 917 2248 anuis
936 2176 1035 2249 circa
1050 2175 1190 2248 Laertii
1209 2175 1333 2248 fontes
1351 2175 1537 2249 lucubra-

409 2329 509 2381 vere.
546 2308 656 2382 Hunc
691 2309 846 2403 quidem
877 2332 1055 2404 campum
1081 2309 1382 2403 ingredientibus
1408 2310 1537 2382 minus

410 2443 557 2515 lubrica
585 2448 643 2515 est
662 2443 760 2516 via:
793 2449 892 2517 certe
922 2445 1036 2538 paulo
1064 2443 1203 2542 rectius
1229 2448 1343 2538 atquc
1371 2443 1536 2537 amplius

408 2598 525 2670 quam
545 2576 635 2649 olim
660 2577 784 2671 potuit
804 2578 1008 2650 Marresius
1026 2599 1129 2650 nunc
1149 2578 1195 2651 de
1223 2599 1268 2650 ea
1296 2579 1336 2651 re
1360 2577 1537 2649 videmur

408 2731 517 2804 posse
545 2710 752 2805 disputare.
780 2710 890 2801 Nam,
907 2733 1005 2805 quae
1029 2711 1215 2806 Diogenes
1241 2734 1288 2784 ex
1322 2708 1537 2807 Omaiqeaa

407 2842 570 2916 historia
588 2848 626 2916 et
645 2841 967 2916 illemorabiiibar
987 2850 1238 2939 excerpserat,
1260 2866 1305 2917 ea
1332 2843 1536 2916 Marresius

407 2976 620 3071 eDiogenis
643 2977 740 3049 libro
761 2999 894 3049 rursus
921 2978 1109 3071 excerpsit
1130 3000 1138 3050 :
1166 2978 1244 3069 sed,
1262 2977 1354 3049 dum
1372 2976 1536 3050 Favori-

408 3132 501 3182 num
517 3132 541 3183 a
559 3110 724 3204 Diogene
743 3111 960 3204 disjungere
975 3117 1148 3202 conatur,
1167 3111 1325 3183 minime
1344 3109 1536 3204 quaesivit

408 3266 483 3337 quo
512 3249 625 3317 antca
658 3244 811 3318 vinculo
837 3246 950 3318 ambo
980 3245 1079 3319 inter
1104 3267 1143 3318 se
1169 3244 1330 3318 connexi
1358 3244 1532 3335 luissent,

408 3397 477 3450 nec
506 3377 598 3450 satis
624 3377 919 3472 circumscripsit
945 3400 1043 3473 quae
1062 3378 1252 3452 Favorino
1273 3382 1399 3452 essent
1418 3376 1535 3471 arlju-

407 3511 583 3584 dicanda.
602 3511 790 3584 Maassius
804 3512 972 3606 quidem,
985 3534 1066 3585 rem
1085 3534 1299 3609 aggressus,
1315 3517 1424 3585 tanta
1438 3517 1535 3584 tam-

406 3665 480 3737 que
512 3643 645 3738 iniqua
676 3645 715 3716 in
749 3644 965 3717 dividendis
997 3646 1171 3740 partibus
1196 3646 1423 3720 liberalitate
1445 3666 1535 3738 erga

408 3777 642 3850 Favorinum
662 3800 756 3850 usus
770 3784 829 3850 est
846 3782 890 3850 ut
908 3779 943 3851 ei
963 3783 1114 3851 tanturn
1135 3801 1210 3852 non
1236 3780 1366 3852 omnia
1384 3779 1535 3851 tribue-

408 3915 466 3982 ret
479 3932 577 4004 quae
598 3910 775 4004 Diogenis
794 3912 891 3984 liber
909 3913 1037 3985 habet.
1062 3913 1219 3986 Cautius
1249 3918 1287 3986 et
1309 3912 1534 4008 prudentius

409 4043 757 4118 Wilamowitzius²
782 4045 912 4117 (locuit
935 4051 972 4118 et
997 4045 1117 4117 multo
1143 4045 1323 4140 pauciora
1351 4049 1389 4118 ct
1414 4043 1534 4116 multo

408 4176 537 4249 minus
572 4177 708 4271 gravia
741 4178 929 4251 Favorino
958 4179 1203 4271 vindicanda,
1230 4178 1370 4274 quippe
1407 4198 1533 4272 aquo

443 4500 452 4536 ¹
473 4502 646 4575 Nietzscbe,
658 4521 706 4575 op.
729 4506 821 4574 laad,
839 4522 871 4574 p.
891 4505 1144 4577 6483l1aass,op.
1165 4503 1259 4574 laad„
1275 4518 1307 4574 p.
1321 4502 1370 4560 48.

444 4590 455 4625 ²
474 4592 681 4665 Wilaniowitz,
694 4611 742 4665 op.
764 4595 863 4664 laad„
878 4611 912 4664 p.
930 4595 1056 4651 lle-144.
