3676 5528
651 1383 839 1472 CAPUT
874 1385 1134 1476 TERTIUM

618 1933 676 1999 De
700 1931 893 1998 Favorino
917 1931 1163 2020 philosopho.

377 2481 540 2554 Gravem
569 2479 752 2576 injuriam
780 2481 970 2554 Favorino
999 2481 1138 2555 inierat
1170 2481 1324 2578 siquis
1356 2483 1455 2558 nihil

329 2615 509 2689 interesse
521 2637 610 2688 curn
626 2615 726 2688 inter
739 2621 777 2689 ct
788 2617 1030 2690 Polemonem
1043 2618 1106 2689 vel
1114 2617 1342 2691 Frontonem
1353 2619 1455 2693 arhi-

327 2752 449 2823 tretur
467 2755 504 2822 et
523 2749 637 2823 meris
657 2749 837 2844 sophistis
858 2772 945 2824 eum
965 2751 1202 2842 adnumeret,
1217 2773 1331 2846 quem
1355 2752 1454 2826 Phi—

328 2883 509 2956 lostratus
534 2905 613 2956 una
641 2905 727 2956 cum
754 2883 873 2956 Dione
902 2883 1129 2958 Prusaeensi
1157 2890 1195 2958 et
1222 2884 1453 2980 quibusdam

328 3015 428 3108 aliis,
450 2995 636 3110 tanquam
656 3017 939 3111 philosophiam
963 3017 1189 3111 prolessum,
1218 3038 1238 3090 e
1267 3017 1455 3113 sophista-

329 3173 413 3224 rum
444 3170 555 3245 grege
583 3150 773 3244 exceperit
805 3155 843 3224 et
872 3150 1171 3246 praeposuerit¹.
1200 3151 1330 3245 lpsum
1363 3173 1453 3225 vero

328 3289 477 3358 constat
490 3285 605 3378 vulgo
624 3284 831 3358 asseruisse
851 3284 923 3357 sihi
942 3283 1159 3379 philosophi
1174 3306 1326 3359 nomen.
1344 3285 1453 3370 Nam,

329 3442 415 3493 curn
441 3419 613 3514 pontifex
640 3419 744 3492 domi
772 3419 1016 3492 renuntiatus
1042 3424 1153 3509 essct,
1175 3419 1226 3492 ad
1243 3418 1454 3514 principem

328 3553 400 3626 rite
415 3573 639 3647 provocasse
654 3552 785 3643 fertur,
799 3557 842 3624 nt
856 3551 922 3646 qui
938 3551 1122 3624 immunis
1140 3557 1241 3625 esset
1254 3575 1278 3625 a
1291 3552 1455 3646 puhlicis

330 3687 566 3777 munerihuS,
584 3686 676 3780 quia
690 3685 972 3780 philosophiam
987 3689 1213 3759 exerceret&
1233 3685 1349 3776 ldcnr,
1366 3708 1453 3759 curn

329 3820 593 3915 jactantiorem
641 3820 832 3913 quendam
877 3818 1172 3912 grammaticum
1216 3819 1455 3912 ignorantiae

331 3959 562 4049 coargueret,
580 3953 678 4026 dixit
692 3953 879 4048 ejusmodi
899 3975 959 4026 res
979 3952 1073 4025 scire
1088 3974 1166 4025 non
1181 3975 1225 4025 ex
1240 3975 1310 4026 sna
1332 3953 1455 4047 magis

331 4111 412 4162 csse
430 4087 671 4183 philosophia
690 4109 807 4180 quam
827 4109 874 4159 ex
893 4085 1144 4180 grammatica
1158 4087 1253 4180 ejus,
1271 4089 1350 4178 sed,
1367 4108 1455 4159 cum

332 4221 594 4318 philosophiae
614 4243 653 4294 se
672 4219 851 4312 dedisset,
868 4241 946 4293 non
962 4219 1118 4313 insuper
1131 4224 1260 4294 tamen
1275 4219 1456 4295 hahuisse

368 4553 377 4590 ¹
398 4551 612 4621 Philostratus,
631 4549 661 4606 V.
676 4549 719 4620 8.,
732 4549 755 4620 Ι,
770 4549 879 4619 praet,
895 4549 925 4603 in
938 4549 1000 4604 fine
1015 4565 1021 4618 ;
1035 4550 1058 4619 1,
1074 4550 1169 4620 vunl
1185 4554 1217 4605 et
1230 4547 1257 4609 7.

369 4643 380 4677 ²
399 4643 453 4711 lu,
468 4641 587 4712 totu.,1,
603 4654 670 4710 vru,
685 4640 711 4695 3.
726 4640 762 4695 cf
775 4653 878 4708 supra,
896 4654 925 4706 p.
939 4639 984 4692 12.
