3676 5528
672 589 709 631 uu
731 583 870 632 rivorum
892 587 1075 635 muosorno.
1398 560 1436 636 lb

312 719 419 807 Quod
442 718 559 820 etiam
578 713 699 792 multo
729 719 851 814 magis
876 711 1146 815 philosophum
1171 717 1289 815 q'uam
1313 718 1437 795 rheto-

312 875 392 926 rem
406 853 537 926 decere
555 853 761 944 videbitur,
777 853 808 926 si
829 855 941 926 modo
961 854 1000 924 iu
1016 861 1181 928 mentem
1192 856 1340 929 venerit
1354 856 1437 951 ejus

304 988 384 1061 loci
406 995 486 1082 'quo
526 987 719 1082 Epictetus
753 989 905 1061 abunde
935 989 1211 1062 demonstravit
1247 992 1437 1065 rhetorem

313 1122 472 1216 plausus
495 1121 795 1194 adulescentium
820 1121 1001 1194 facundia
1029 1127 1067 1196 et
1095 1114 1255 1196 munera
1287 1126 1438 1198 blandis

286 1297 292 1306 ·
313 1254 662 1348 commenticiisque
687 1255 867 1328 laudibus
887 1261 1053 1350 captare,
1081 1256 1351 1351 philosophum
1370 1281 1438 1332 uu-

226 1435 230 1446 ·
314 1394 390 1462 tem
417 1389 516 1461 nihil
544 1390 648 1462 aliud
676 1392 793 1483 qu'am
820 1389 979 1462 utilitati
1003 1390 1277 1484 discipulorum
1304 1414 1440 1466 eonsu-

308 1523 423 1596 'lere¹.
456 1524 563 1597 Certe
578 1523 700 1597 ¹facile
726 1529 784 1596 est
806 1523 918 1597 nobis
945 1523 1088 1599 Noctes
1111 1523 1262 1598 Atticos
1282 1525 1440 1620 legenti-

314 1659 385 1732 bus
413 1658 630 1752 intellegere
662 1680 737 1751 quo
769 1663 879 1752 pacto
927 1659 1102 1752 quemvis
1147 1680 1358 1732 sermonem
1390 1661 1437 1733 ad

310 1797 512 1886 praecepta
548 1791 717 1864 moribus
753 1791 865 1863 utilia
897 1797 1145 1865 converteret.
1187 1793 1298 1866 Forte
1333 1794 1436 1867 enim

310 1927 480 2020 quadam
499 1925 559 1998 die
587 1926 634 1997 de
656 1924 881 2018 dijunctivis
909 1926 1142 2020 syllogismis
1172 1949 1296 2000 sermo
1315 1929 1440 2000 habe-

230 2039 233 2044 *
310 2061 428 2133 batur
445 2064 484 2132 et
498 2057 646 2133 'mentio
665 2059 766 2132 lacta
784 2065 865 2132 erat
883 2060 1096 2154 syllogismi
1120 2061 1223 2133 illius
1242 2084 1317 2155 quo
1333 2051 1437 2153 Bias,

314 2194 473 2267 facetius
492 2217 608 2288 quam
634 2194 777 2285 verius,
804 2189 933 2266 docuit
960 2195 1092 2288 utique
1119 2196 1300 2268 coelibem
1319 2197 1440 2269 vitam

312 2329 637 2422 vcomplectendam
656 2349 779 2421 neque
799 2328 877 2400 ullo
900 2329 1012 2401 modo
1032 2351 1189 2402 uxorem
1210 2319 1437 2421 ducendam,

311 2464 396 2536 sive
415 2463 575 2557 pulchra
594 2463 675 2535 sive
701 2459 882 2535 deformis
907 2462 1038 2535 lutura
1065 2467 1190 2536 esset:
1223 2486 1310 2536 eum
1331 2455 1442 2537 ¹euim

317 2597 382 2692 qui
408 2618 566 2670 uxorem
591 2597 794 2669 duceret«
822 2617 973 2669 necesse
1005 2618 1086 2670 esse
1119 2619 1166 2670 ex
1199 2599 1349 2671 duobus
1384 2599 1443 2670 in-

316 2731 523 2804 commodis
560 2730 641 2825 pati
668 2731 844 2820 alterum,
877 2734 920 2803 ut
949 2735 1017 2803 aut
1050 2715 1153 2815 aava)
1182 2729 1340 2806 haberet
1376 2738 1443 2806 cut

316 2873 418 2947 eavea
446 2887 480 2936 »;
509 2868 604 2954 tum,
623 2885 710 2936 cum
730 2863 843 2936 ceteri
864 2863 902 2937 id
925 2866 1189 2937 tautummodo
1202 2873 1440 2959 quaererent,

318 3019 411 3068 num
438 2998 606 3070 converti
626 2998 838 3092 possetille
867 2998 1124 3093 syllogismus⁷
1148 3000 1361 3072 Favorinus
1383 3023 1443 3073 sa-

317 3130 553 3224 pientissime
572 3133 768 3227 respondit
794 3132 948 3205 tertium
976 3155 1127 3226 quoque
1153 3155 1234 3206 esse
1258 3125 1440 3225 medium,

319 3264 428 3358 cujus
460 3265 646 3338 rationem
683 3266 772 3339 Bias
801 3288 877 3338 non
910 3266 1128 3340 habuisset:
1162 3291 1181 3337 a
1208 3268 1308 3340 iuter
1340 3269 1442 3341 onim

315 3398 615 3492 pulcherrimam
647 3399 830 3473 lemiu'am
850 3405 888 3473 et
912 3397 1231 3474 deformissimam
1251 3424 1332 3476 esse
1359 3426 1444 3476 me-

311 3532 423 3606 -diam
437 3533 599 3606 formam
609 3535 818 3630 quandam,
834 3535 1022 3608 modicam
1034 3536 1333 3630 modestamque,
1345 3559 1444 3631 quae

320 3670 358 3738 et
376 3688 399 3738 a
418 3667 562 3740 nimiae
580 3668 877 3761 pulchritudinis
896 3668 1063 3763 periculo
1087 3673 1125 3742 et
1142 3691 1166 3741 a
1186 3691 1359 3743 summae
1383 3671 1446 3742 de-

300 3799 526 3890 ¹formitatis
555 3801 640 3874 odio
672 3806 826 3874 vacaret
853 3826 887 3892 u,
934 3825 1063 3896 quam
1095 3802 1186 3875 scite
1230 3797 1447 3897 appellabat

322 3935 509 4026 uxoriam,
528 3940 657 4030 utpote
680 3959 792 4030 quae,
810 3936 903 4031 quia
916 3959 1000 4010 eam
1020 3937 1097 4010 lere
1116 3937 1301 4032 pudicitia
1316 3959 1448 4032 seque-

321 4074 438 4160 retur,
461 4070 609 4142 maritis
629 4076 804 4165 suspecta
823 4093 905 4145 esse
930 4094 1007 4143 uon
1035 4077 1196 4166 possete.
1229 4070 1354 4143 Simili
1388 4094 1448 4144 ra-

322 4202 442 4294 tione,
471 4226 547 4299 quo
576 4203 636 4277 die
668 4179 910 4295 a'Domitio,
946 4227 1060 4299 quem
1099 4227 1212 4299 super
1246 4226 1447 4298 gramma-

358 4553 366 4586 ¹
388 4551 519 4621 Epicteti
532 4525 774 4625 Dissertationes,
790 4556 826 4625 ll,
840 4567 931 4625 xxm,
943 4553 1068 4624 possim.

357 4641 370 4676 2
388 4641 513 4713 GelliuS,
526 4642 562 4698 N.
579 4644 623 4710 A,
639 4645 673 4716 V,
688 4657 731 4700 ru.
