3676 5528
400 477 439 537 10
737 441 739 448 Ι
893 495 984 538 curor
1005 499 1027 540 1.

401 625 593 699 miscendo
625 631 832 721 utrumque
868 629 1082 720 recreabat,
1118 631 1294 704 heredem
1338 633 1522 727 soripsit'.

401 761 631 833 Frontonem
653 760 768 834 etiam
788 761 910 852 illum,
926 762 992 856 qui
1018 764 1258 837 consulatum
1278 768 1409 839 eodem
1424 789 1526 841 anno

400 917 475 990 quo
502 893 667 967 Herodes
691 895 820 988 gessit,
845 896 1061 990 etpedibus
1084 918 1240 992 aegrum
1262 899 1388 972 visum
1408 900 1524 992 ibat²‚

402 1033 545 1102 etcum
567 1051 611 1102 eo
635 1029 782 1102 erudite
809 1030 1056 1124 simulatque
1077 1031 1308 1106 amicissime
1333 1035 1528 1129 colloque·-

402 1161 549 1237 hotur³.
578 1163 724 1251 Quibus
748 1164 882 1236 amicis
907 1165 1003 1238 adde
1029 1165 1149 1239 alium
1175 1168 1366 1261 quendam
1392 1179 1554 1243 consu-'

402 1299 490 1388 lem,
525 1298 634 1392 cujus
667 1320 805 1371 nomeu
842 1321 919 1371 non
949 1299 1133 1374 traditum
1160 1307 1217 1373 est
1252 1324 1276 1374 a
1307 1302 1424 1374 Gellio
1440 1305 1465 1394 Ι,
1490 1308 1527 1375 et

403 1431 559 1505 Sextum
575 1432 794 1523 Caecilium,
812 1455 925 1527 quem
948 1457 967 1503 «
988 1434 1028 1504 in
1044 1433 1191 1526 legibus
1209 1435 1339 1529 populi
1364 1436 1526 1508 Romani

402 1566 602 1639 noscendis
627 1566 995 1660 interpretandisque
1024 1567 1194 1658 scientia,
1221 1591 1295 1640 usu
1322 1568 1528 1641 auctorita-

402 1705 554 1793 teque»
576 1700 762 1772 illustrem
785 1700 901 1773 luisse
926 1701 1068 1774 Gellius
1083 1702 1260 1793 rettulit⁵,
1283 1708 1320 1775 et
1338 1703 1526 1796 hospitem

403 1834 511 1906 illum
531 1833 640 1928 cujus
660 1834 699 1905 in
719 1834 913 1907 Antiatem
925 1835 1058 1907 villam
1077 1841 1187 1909 aestu
1205 1836 1298 1908 anni
1315 1836 1528 1909 Favorinus

403 1968 524 2040 fertur
555 1967 821 2041 concessant
862 1969 971 2041 Multi
1004 1969 1120 2042 etiam
1156 1969 1329 2064 juvenes,
1365 1992 1527 2064 quorum

403 2101 560 2196 quidam
597 2102 781 2175 nobiliore
814 2103 894 2175 loco
928 2103 1000 2176 orti
1032 2103 1175 2195 erant⁷‚
1206 2125 1293 2175 eum
1321 2104 1529 2176 audiebant

403 2242 517 2330 atque
545 2235 697 2308 assidue
730 2237 986 2329 sectabantur,
1022 2238 1343 2331 quemadmodum
1376 2237 1455 2331 ipse
1489 2237 1528 2307 in

404 2370 561 2443 Graecia
585 2370 685 2442 inter
709 2392 773 2443 eos
797 2370 958 2464 juvenes
978 2372 1101 2444 luerat
1121 2393 1217 2464 quos
1243 2370 1470 2443 Plutarchus
1489 2370 1529 2440 in

404 2473 705 2578 familiaritatem
735 2526 845 2576 suam
864 2510 1068 2600 receperat.
1092 2505 1188 2577 Nam
1217 2505 1359 2577 Romae
1380 2525 1530 2598 quoque

404 2639 656 2713 declamavit⁸
672 2639 787 2734 (quod
807 2640 869 2712 vel
894 2661 913 2712 e
938 2640 1003 2712 lite
1024 2662 1110 2712 eum
1128 2639 1328 2711 Polemone
1347 2643 1531 2712 renovata

340 2841 344 2848 .
405 2775 589 2870 conjicere
609 2775 745 2870 licet9),
774 2780 889 2869 atque
911 2777 950 2847 id
978 2777 1132 2869 quidem
1158 2774 1328 2863 feliciter,
1351 2781 1388 2847 et
1406 2776 1531 2848 rheto-

405 2911 522 2982 ricam
537 2909 892 3003 philosophiamque
903 2910 1075 2982 docuisse
1089 2909 1290 2982 videturffl.
1310 2909 1384 2982 Sed
1398 2932 1529 2983 eorum

441 3209 448 3242 ¹
470 3189 685 3273 Philostratus,
705 3203 733 3257 V.
748 3200 790 3270 S,
805 3204 827 3272 I,
840 3215 907 3272 vui,
921 3203 947 3256 li.

440 3297 451 3331 ²
471 3295 596 3364 GelliuS,
610 3293 646 3348 N.
661 3293 707 3362 A,
725 3293 761 3362 II,
775 3306 859 3361 xxvr,
870 3292 896 3346 I.
909 3293 951 3347 of.
968 3307 1071 3363 supra,
1085 3308 1118 3361 p..
1129 3293 1155 3347 2.

440 3392 451 3426 ³
470 3386 597 3453 Gellius,
609 3383 644 3440 N.
659 3383 707 3444 A.,
719 3384 755 3452 II,
769 3395 852 3436 xxvr.

441 3475 451 3508 ⁴
470 3477 525 3544 Id,
545 3473 630 3539 ibid,
651 3473 727 3540 XIII,
743 3485 805 3526 xxv
820 3471 926 3540 (xxiv),
937 3472 963 3526 2.

442 3565 453 3598 ⁵
472 3565 526 3633 Id,
547 3562 632 3630 ibid„
653 3563 713 3630 XX,
728 3574 748 3631 I,
761 3561 788 3614 I.

441 3653 452 3687 ⁰
470 3655 526 3723 Id,
546 3651 630 3717 ibid,
651 3651 738 3720 XVII,
753 3663 783 3719 x,
796 3650 822 3704 I.

441 3744 451 3779 ⁷
471 3745 525 3814 Id,
546 3741 631 3809 ibid,
651 3741 713 3810 XII,
728 3752 748 3809 1,
761 3738 788 3794 3.

442 3833 453 3867 ⁸
472 3834 527 3902 Id,
548 3830 633 3897 ibid,
654 3830 701 3898 IX,
717 3841 784 3898 vui,
800 3827 835 3897 3;
851 3829 924 3897 XIV,
939 3841 959 3897 1,
974 3828 988 3881 I
1003 3846 1009 3898 ;
1023 3829 1110 3898 XVII,
1127 3842 1182 3884 xri.

440 3923 451 3957 ⁰
470 3923 684 3988 Philostratus,
705 3917 734 3972 V,
752 3917 794 3982 S.,
810 3919 832 3986 I,
845 3930 912 3986 vui,
929 3917 954 3971 7.

318 3997 322 4004 ⁴
430 4011 453 4047 ¹⁰
472 4014 555 4067 Inter
573 4009 743 4077 discipulos
766 4007 903 4062 Favorini
925 4011 1133 4061 memorantur
1148 4011 1212 4062 tres
1230 4009 1380 4076 rhetores,
1396 4008 1448 4076 qui
1461 4008 1529 4076 ejus

405 4102 526 4156 dicendi
540 4113 638 4168 genus
652 4098 751 4152 secuti
762 4111 835 4151 esse
848 4097 995 4166 feruntur,
1014 4096 1186 4151 Alexander
1200 4097 1407 4166 Seleucensis,
1419 4112 1530 4164 cogno-

406 4194 486 4246 mine
508 4175 720 4254 [laicaliter
750 4187 975 4254 (Philostratus,
1005 4187 1033 4240 V.
1053 4184 1096 4252 S,
1117 4186 1153 4255 ΙΙ,
1173 4200 1201 4256 ν,
1222 4185 1278 4255 12),
1301 4189 1333 4238 et
1357 4186 1528 4250 Quadratus

406 4281 514 4337 consul
538 4279 592 4347 (Id,
616 4276 699 4346 ibid,
728 4278 839 4346 II,v1),
866 4280 897 4329 et
921 4276 1094 4329 Demetrius
1122 4275 1347 4329 Alexandrinus
1372 4276 1527 4344 (GaleouS,

405 4372 448 4425 De
461 4383 633 4440 praecoca,
644 4368 696 4435 ΙΙ),
711 4367 749 4420 de
763 4366 875 4434 quibus
886 4365 1007 4432 longius
1022 4365 1178 4419 disserere
1194 4379 1253 4418 uon
1267 4364 1526 4432 operaepretium

405 4464 463 4516 est.
489 4457 661 4512 Alexander
682 4456 806 4524 quidem
830 4469 891 4508 non
913 4454 1039 4509 dubium
1063 4457 1113 4508 est
1137 4454 1209 4523 quin
1237 4455 1353 4508 Romae
1378 4453 1529 4508 audiverit

404 4549 592 4604 Favorinum.
606 4547 694 4613 Nam,
707 4545 759 4599 ubi
773 4543 903 4611 primurn
921 4545 1000 4598 iuter
1014 4544 1147 4598 virorum
1165 4557 1325 4597 numerum
1349 4543 1527 4610 adscriptus
