3676 5528
376 543 416 604 38
854 561 946 604 curor
965 561 1042 604 ru..

376 690 527 786 copiam
548 692 611 764 vel
631 691 755 787 primo
774 691 905 766 statim
929 693 1111 787 adspectu
1136 698 1253 788 patet,
1276 695 1498 788 praesertim

376 825 417 898 iu
432 847 589 920 eaquae
607 847 655 898 ex
670 831 838 921 tempore
855 826 980 900 effusa
996 827 1115 900 fuisse
1133 827 1298 918 videtur,
1316 871 1363 881 -
1382 831 1498 902 etiam

375 981 462 1032 cum
482 960 529 1032 de
550 958 605 1034 eis
624 961 738 1034 rebus
763 960 973 1034 disserebat
996 983 1095 1055 quae
1113 962 1280 1035 maxime
1301 963 1448 1036 alienae
1475 987 1499 1036 a

374 1092 618 1188 philosophia
641 1094 853 1168 existimari
869 1096 1004 1186 solent,
1033 1117 1232 1190 uunquam
1250 1097 1315 1170 illo
1334 1097 1500 1191 pbiloso

373 1228 441 1323 phi
462 1227 615 1322 ingenio
634 1229 924 1304 destituebatur.
947 1229 1043 1302 Cum
1064 1231 1168 1302 euim
1194 1232 1297 1325 apud
1326 1254 1498 1305 mensam

373 1362 457 1456 ejus
480 1361 631 1458 iapygis
657 1363 801 1435 mentio
829 1363 924 1436 torte
950 1363 1158 1455 incidisset,
1193 1371 1243 1455 et,
1274 1367 1499 1459 rogantibus

373 1497 548 1570 convivis
562 1501 606 1570 ut
620 1502 830 1570 ceterorum
855 1521 1007 1592 quoque
1026 1505 1228 1572 ventorum
1256 1501 1415 1574 nomina
1442 1523 1499 1574 re-

371 1632 579 1726 gionesque
597 1631 730 1705 docere
749 1654 831 1706 sese
850 1632 975 1716 veltet,
995 1633 1122 1706 subito
1136 1635 1183 1708 de
1198 1656 1245 1707 ea
1266 1656 1306 1708 re
1334 1634 1498 1708 tabulari

371 1766 613 1857 instituisset,
634 1766 784 1840 emissis
809 1767 988 1840 omuibus
1015 1768 1142 1840 ventis
1168 1790 1264 1862 eque
1286 1769 1500 1842 diversissi-

372 1901 446 1973 mis
459 1901 679 1995 regionibus
697 1901 791 1973 caeli
807 1900 1056 1995 spirantibus
1078 1903 1186 1974 nullo
1200 1903 1312 1976 modo
1331 1904 1499 1997 trepida-

371 2035 429 2108 vit
443 2055 566 2130 neque
580 2035 657 2108 ullo
676 2039 844 2128 tempore
858 2056 924 2128 per
942 2036 1117 2108 tenebras
1131 2037 1288 2127 erravit,
1297 2037 1377 2130 sed,
1395 2061 1499 2112 more

372 2173 514 2242 nautae
541 2168 785 2242 ministrandi
800 2168 887 2240 vela
909 2168 1035 2262 periti,
1056 2174 1159 2242 certa
1178 2171 1324 2244 ratione
1353 2194 1498 2265 proces-

355 2303 438 2392 sit,
460 2303 515 2376 ita
541 2308 688 2375 utnon
712 2302 839 2375 ventis
863 2302 961 2396 rapi,
992 2303 1058 2376 sed
1091 2303 1171 2397 ipse
1204 2309 1340 2378 ventos
1373 2328 1500 2400 regere

374 2436 606 2510 videretur¹.
645 2435 773 2529 Neque
812 2457 902 2508 vero
929 2435 1055 2530 pejore
1088 2436 1235 2510 ratione
1261 2438 1391 2513 docuit
1422 2462 1500 2512 uon

375 2572 477 2662 idem
505 2569 722 2665 significare
744 2567 932 2664 praedam
961 2574 999 2642 et
1031 2568 1247 2655 manubias,
1280 2573 1382 2666 quod
1413 2574 1501 2668 qui-

374 2707 461 2778 dem
480 2706 657 2778 credebat
682 2709 912 2777 sectatorum
930 2704 1098 2798 aliquis:
1124 2705 1293 2800 primum
1312 2708 1414 2779 enim
1434 2709 1502 2780 lu-

374 2841 457 2914 cide
475 2837 752 2913 demoustravit
769 2838 846 2911 duo
864 2839 959 2911 baec
973 2840 1091 2912 verba
1109 2861 1186 2912 uon
1200 2841 1501 2935 potuisse‚iuani

375 2981 411 3049 et
439 2973 579 3068 frigida
599 2972 872 3066 geminatione,
902 2995 926 3045 a
948 2973 1127 3046 Cicerone
1152 2974 1302 3048 duobus
1335 2976 1377 3049 in
1408 2977 1502 3050 locis

375 3108 567 3203 usurpari,
588 3107 656 3182 ubi
679 3128 802 3201 neque
828 3107 1058 3180 ornatiorem
1080 3109 1432 3202 modulatioremve,
1459 3116 1503 3184 ut

376 3241 519 3336 alioqui
540 3242 646 3332 solet,
660 3241 859 3314 redderent
878 3241 1239 3337 orationem,neque
1256 3245 1500 3339 «speciosam

377 3377 547 3470 aliquam
573 3374 903 3470 exaggerationem
932 3401 952 3446 n
986 3375 1153 3448 tacerent
1188 3398 1265 3470 qua
1298 3377 1503 3452 instantior

376 3511 486 3583 tieret
502 3508 712 3582 admonitio
734 3509 796 3582 vel
813 3508 1027 3604 objurgatio
1049 3533 1057 3582 :
1091 3515 1172 3582 tum
1205 3511 1373 3602 demum,
1408 3535 1503 3606 pro—

376 3646 492 3718 ducta
509 3643 619 3717 varia
631 3643 890 3740 exemplorum
906 3643 1027 3740 eopia,
1041 3644 1095 3717 ita
1108 3645 1259 3738 aperuit
1266 3645 1502 3739 peculiarem

377 3778 578 3874 utriusque
596 3777 703 3850 verbi
718 3777 799 3850 vim
819 3783 862 3851 ut
886 3800 997 3852 nemo
1017 3802 1094 3852 uon
1114 3779 1155 3852 in
1170 3780 1401 3854 seutentiam
1419 3781 1502 3874 ejus

378 3913 590 3986 necessario
608 3912 860 3986 concederet2.
880 3913 1050 4008 Denique
1062 3915 1356 4008 grammaticum
1377 3914 1499 4006 illum,

376 4048 442 4144 qui
462 4069 543 4121 sese
566 4045 744 4122 omnibus
771 4047 977 4121 doctiorem
1004 4047 1251 4122 existimabat
1260 4051 1288 4142 ³,
1319 4048 1404 4146 ipsa
1434 4047 1502 4122 So-

409 4437 417 4472 ¹
440 4435 565 4504 Galliac,
581 4433 617 4488 N.
629 4432 675 4501 A„
691 4433 727 4501 11,
745 4445 822 4488 xxu.

408 4523 419 4557 ²
438 4525 492 4594 Id,
507 4522 680 4593 ibtu.,xl11,
695 4535 757 4576 xxv
769 4524 892 4587 (Hertz).

406 4613 417 4647 ³
436 4615 478 4672 Gt.
496 4628 600 4687 supra,
614 4628 644 4686 p.
658 4612 706 4670 35.
