3648 5528
674 584 710 625 nr
733 582 873 627 mvonmo
894 583 1067 627 scamnum.
1189 592 1190 596 ¹
1399 567 1439 627 63

312 715 359 788 de
378 735 418 787 re
438 736 462 787 a
481 713 670 788 Favorino
685 735 765 790 esse
781 714 1050 809 conscriptum,
1066 736 1113 788 ne
1129 737 1249 788 unum
1269 715 1436 810 quidem,

313 853 357 922 ut
383 848 563 944 opinatur
590 849 720 940 Zeller,
751 871 797 923 ex
826 849 948 922 trihus
984 849 1091 922 libris
1116 854 1185 937 περὶ
1215 856 1439 935 cavaturam<

314 990 470 1082 Ιφαντασίαις
491 983 537 1056 de
566 983 706 1077 quihus
735 1005 850 1077 snpra
884 984 1026 1057 mentio
1059 977 1161 1056 iacta
1192 988 1261 1072 est,
1298 983 1376 1074 sed,
1408 983 1441 1055 si

314 1116 446 1188 ambos
461 1116 561 1189 loeos
581 1116 681 1190 inter
695 1138 734 1190 se
753 1117 921 1194 conterre
940 1116 1039 1207 iicet,
1062 1117 1117 1190 ita
1143 1116 1440 1211 intellegendum

314 1270 395 1322 esse
414 1250 598 1323 arbitror:
622 1275 641 1321 ι(
663 1253 759 1325 Cum
774 1253 869 1347 opus
884 1251 1169 1345 conscripsisset
1179 1247 1438 1341 (Alcibiadem

314 1383 376 1456 vel
395 1371 633 1480 epitetum)
654 1387 691 1458 id
717 1386 842 1480 ipsum
863 1385 1191 1458 demonstraturus
1211 1383 1310 1456 nihil
1332 1405 1440 1478 posse

314 1519 582 1613 comprehendi
601 1520 712 1615 (adeo
738 1524 847 1592 utne
867 1519 983 1592 solem
999 1517 1152 1613 quidem
1173 1518 1440 1612 comprehendi

314 1673 424 1745 posse
446 1654 718 1748 contenderet),
746 1675 878 1726 rursus
898 1653 938 1725 in
957 1653 1032 1726 alio
1055 1674 1165 1747 opere
1184 1649 1439 1744 (Plutarcho),

314 1790 500 1879 tanquam
516 1786 804 1861 immemorihus
828 1787 939 1861 nohis
954 1786 1155 1860 concedere
1170 1788 1322 1860 videtur
1340 1792 1441 1860 certo

314 1919 459 2014 aliquid
480 1921 569 1994 sciri
587 1923 732 2016 posset
766 1945 783 1992 n

363 2053 457 2126 Eam
477 2059 607 2128 autem
624 2077 742 2149 quam
754 2054 923 2128 diximus
938 2053 1070 2149 judicii
1091 2063 1217 2142 ἐποχήν,
1235 2076 1322 2128 oum
1337 2056 1440 2150 apud

314 2189 408 2261 alios
428 2189 686 2279 Academicoa
713 2194 796 2262 tum
823 2190 923 2284 apud
951 2188 1198 2278 Favorinum,
1222 2188 1438 2283 deprehen-

314 2325 401 2397 dere
428 2323 516 2397 lioet
538 2324 739 2418 praecipue
759 2324 798 2395 in
819 2324 874 2397 eis
892 2298 990 2417 quae
1015 2324 1063 2396 ad
1083 2345 1206 2397 mores
1233 2323 1436 2417 pertinent.

315 2457 443 2553 Neque
470 2456 587 2548 enim,
610 2463 652 2530 ut
679 2458 799 2550 stoici,
823 2459 1027 2532 credebant
1048 2456 1265 2530 Academici
1287 2456 1440 2552 simpli-

316 2614 376 2666 ces
394 2613 476 2666 esse
491 2593 591 2686 leges
615 2614 659 2665 ae
692 2614 840 2688 semper
858 2615 977 2667 unam
997 2597 1035 2666 et
1052 2593 1227 2683 eandem,
1248 2597 1292 2664 ut
1314 2592 1369 2664 ita
1384 2591 1440 2664 di-

316 2749 413 2817 cam,
439 2727 596 2800 induere
629 2727 805 2822 speeiem,
837 2727 902 2800 sed
922 2728 971 2800 ad
990 2731 1163 2821 tempora
1181 2731 1218 2799 et
1238 2748 1297 2798 res
1316 2731 1354 2798 et
1372 2726 1441 2799 ho-

316 2861 438 2934 mines
466 2882 548 2934 esse
580 2860 933 2934 accommodandas.
952 2861 1058 2948 Quod
1082 2866 1290 2955 antequam
1313 2860 1441 2934 Cicero

316 2994 356 3067 in
382 2995 552 3069 oratione
578 3016 646 3089 pro
670 2995 827 3067 Murena
850 2996 984 3069 hahita
1013 2994 1147 3068 Catoni
1175 2994 1336 3085 dixerat,
1362 2986 1441 3089 ja'm

316 3130 579 3203 vindicaverat
626 3128 875 3220 Carneades2,
912 3134 949 3202 et
986 3127 1180 3222 exemplis,
1215 3127 1442 3201 aCicercne

317 3263 481 3355 traditis,
503 3264 832 3337 demonstraverat
857 3285 934 3335 non
964 3285 1112 3358 semper
1138 3264 1340 3337 manifesto
1368 3287 1442 3359 ap-

355 3651 363 3686 ¹
385 3651 529 3718 GalenuS,
546 3648 589 3702 Dc
604 3651 663 3717 opt.
680 3646 786 3713 doctr„
802 3647 907 3716 131,41
924 3648 957 3701 Κ.
974 3664 979 3701 :
1005 3638 1035 3696 ἐν
1056 3637 1149 3717 τούτῳ
1166 3640 1217 3713 μὲν
1236 3629 1442 3720 (Ἀλκιόιάδῃ)

323 3732 424 3810 εἴρηκε
444 3729 563 3789 πιθανὸν
589 3729 684 3806 ἑαυτῷ
704 3725 851 3805 φαίνεσθαι
871 3726 961 3802 μηδὲν
982 3719 1058 3786 εἶναι
1077 3725 1281 3803 καταληπτὲυ,
1302 3728 1332 3786 ἐν
1353 3726 1384 3786 δὲ
1403 3730 1444 3806 τῷ

320 3815 512 3898 Πλουτάρχῳ
540 3823 706 3896 συγχωρεῖν
731 3816 823 3875 ἔοικεν
850 3809 925 3875 εἷναί
952 3837 980 3885 γι
1009 3814 1133 3888 hebetior
1157 3814 1299 3894 γυωστὲυ.
1332 3827 1443 3896 eald„

319 3917 403 3984 ibid„
426 3917 499 3987 v;l‚
522 3915 557 3970 52
579 3916 630 3970 K.:
658 3904 860 3986 ἑθιιυμαστὲςΙ
890 3899 1064 3984 Φαὸωρῖυρς
1070 3949 1137 3964 .....
1169 3901 1198 3964 ἓν
1232 3901 1301 3964 ’ὁλου
1325 3903 1443 3986 γράψας

322 3996 445 4073 βιύλίυυ,
477 3997 507 4054 ἐν
538 3985 560 4075 ᾧ
587 3994 713 4054 δείκνυσι
747 3987 821 4069 μηδὲ
852 3996 900 4053 τὸν
939 3993 1023 4069 ἥλιον
1054 3987 1130 4054 εἶναι
1161 3993 1364 4071 καταληπτὸν,
1404 3995 1444 4066 ὡς

320 4086 512 4162 ἐπιλήσμοσιν
529 4089 600 4160 ἡμῖν
623 4082 744 4164 ἑτέρωθι
765 4081 934 4162 διαλέγεται
953 4085 1155 4163 συγχωρεῖτέ
1178 4105 1205 4144 τι
1230 4082 1354 4157 dehortor
1370 4077 1446 4144 εἶναι

320 4173 461 4256 γνωστὲυ.

355 4275 367 4310 ³
385 4276 418 4330 V.
433 4271 710 4342 moenai-amcam.
728 4270 828 4342 Graes,
841 4286 871 4339 p.
890 4271 1025 4325 154455:
1041 4289 1054 4322 κ
1071 4272 1228 4327 Carneade
1247 4274 1346 4340 parait
1363 4274 1447 4327 avoir

320 4367 371 4421 ete
386 4363 624 4418 indirectement
640 4363 669 4416 le
682 4360 844 4415 fondateur
861 4359 899 4415 de
914 4361 944 4414 la
960 4361 1162 4431 casuistique.
1178 4376 1191 4413 υ
1209 4360 1252 4415 Gi.
1271 4360 1301 4415 C.
1318 4357 1446 4432 Martha,

321 4439 434 4508 Etudeo
455 4451 585 4505 morales
606 4466 659 4503 aur
680 4447 870 4518 l’outiquite';
887 4449 913 4502 le
930 4449 1109 4519 philosophe
1133 4449 1288 4503 Carneade
1307 4447 1445 4520 dihomo,

321 4559 351 4612 p.
366 4541 468 4611 65-823
485 4543 520 4596 R.
536 4540 673 4608 Themin,
697 4537 742 4594 Ua
753 4537 907 4608 problema
926 4538 1025 4592 moral
1049 4537 1124 4592 dans
1150 4537 1341 4610 l'ontiquite;
1360 4541 1448 4596 erade
1514 4605 1517 4612 .

321 4649 373 4686 aur·
387 4632 417 4685 la
430 4629 609 4700 eueniat-ique
624 4627 797 4698 stoteienne,
815 4643 844 4696 p.
858 4626 948 4682 89-93.
