3648 5528
404 579 461 642 100
567 588 571 596 ’
891 595 980 640 iterur
1003 593 1030 638 r.

401 740 482 813 lum
514 739 868 827 contaminatorem,
908 737 1045 810 falsam
1083 736 1263 809 Favorini
1296 738 1523 811 seutentiam

403 875 561 955 (ἐκαλεῖτο
597 903 629 941 τε
664 873 777 958 Σοφία)
811 871 1011 943 collocasse
1046 870 1085 942 iu
1122 870 1202 943 loco
1240 872 1321 944 veri
1358 873 1524 944 nominis

401 1009 568 1092 (ἐπεκλήθη
588 1005 753 1094 σοφιστής),
775 1005 876 1099 quod
895 1004 1109 1076 communis
1128 1004 1308 1100 Hesychii
1328 1011 1364 1078 ei
1383 1006 1526 1100 Dioge-

400 1139 461 1210 nis
493 1138 579 1211 fons
611 1140 781 1230 haberet,
816 1139 881 1211 sed
914 1139 1127 1235 Hesychius
1159 1161 1260 1212 uuus
1293 1142 1521 1212 servasset¹.

330 1326 335 1342 .
402 1272 555 1345 Rectius
578 1278 707 1345 autem
736 1273 851 1345 simul
879 1293 922 1345 ae
951 1273 1161 1366 simplicius
1188 1273 1377 1368 judicavit
1401 1274 1526 1345 Volk-

400 1428 579 1496 mannuS,
595 1406 664 1500 'qui
688 1411 726 1479 et
745 1406 978 1479 Favorinum
1002 1429 1025 1478 a
1045 1406 1203 1480 crimine
1217 1407 1355 1480 erroris
1374 1412 1411 1480 et
1429 1408 1525 1478 Dio-

400 1561 534 1633 genem
565 1541 614 1611 ab
647 1539 908 1632 indiligentiae
941 1540 1100 1614 crimine
1133 1541 1356 1618 vindicavit.
1389 1542 1525 1614 Docuit

400 1673 503 1745 enim
523 1673 742 1767 Diogenem,
761 1673 912 1745 tametsi
927 1673 973 1746 de
988 1673 1195 1767 Protagora
1212 1675 1315 1768 apud
1330 1679 1523 1748 auctorem

402 1829 514 1879 suum
544 1789 739 1901 agebatur,
764 1806 967 1879 Democriti
986 1807 1140 1880 nomine
1160 1808 1281 1881 obiter
1299 1815 1521 1901 memorato,

400 1941 434 2013 ei
468 1942 586 2014 verba
613 1942 715 2035 apud
748 1940 990 2014 Favorinum
1011 1941 1169 2014 inventa
1196 1949 1333 2011 ἐκαλεῖτό
1365 1973 1398 2012 τε
1432 1948 1525 2030 Σοφία

401 2073 680 2169 adscripsissei.
699 2075 767 2166 Ac,
785 2096 860 2168 quo
879 2074 1032 2168 planius
1051 2081 1234 2170 appareat
1252 2075 1319 2148 illa
1337 2077 1524 2150 contami-

400 2206 519 2279 nandi
551 2207 662 2297 ratio,
688 2207 818 2279 'altum
850 2208 988 2298 Iocum,
1021 2208 1196 2281 similiter
1228 2231 1252 2284 a
1283 2210 1525 2283 Volkmanno

401 2362 617 2431 excussum,
639 2340 807 2413 conterre
835 2341 940 2414 libet.
959 2340 1117 2436 'Legitur
1147 2342 1249 2414 enim
1269 2344 1380 2437 apud
1404 2345 1524 2418 Laer-

401 2477 512 2568 tium,
534 2476 639 2547 haud
654 2475 708 2546 ita
727 2474 847 2546 multo
866 2480 964 2569 post,
987 2477 1032 2548 de
1052 2474 1218 2570 Diogene
1238 2476 1518 2572 Apolloniate³z

401 2615 435 2693 ἦν
460 2617 491 2676 δὲ
514 2623 578 2687 τοῖς
602 2611 721 2695 χρόνοις
741 2607 1022 2696 κατ”Αναξαγοραν
1046 2631 1052 2644 ·
1074 2607 1188 2698 [τοῦτον
1210 2639 1292 2696 φησιν
1318 2621 1332 2678 ὁ
1362 2615 1523 2700 Φαληρεὺς

238 2719 242 2728 ¹
306 2769 309 2776 ·
403 2745 577 2830 Δημήτριος
597 2750 626 2808 ἐν
651 2759 686 2830 τῇ
713 2745 894 2828 Σωκράτους
919 2743 1068 2834 ἀπολογίᾳ
1093 2745 1139 2810 διὰ
1170 2753 1262 2831 μέγαν
1291 2750 1393 2830 φθόνον
1418 2761 1521 2835 μικροῦ

399 2883 581 2944 κινδυνεῦσαι
611 2873 797 2961 ’Artemi
830 2874 935 2961 Quae
954 2897 1041 2954 oum
1060 2876 1244 2951 Zellerus⁴
1258 2879 1308 2950 ad
1318 2878 1522 2973 Diogenem

400 3007 679 3102 Apolloniatem
699 3007 887 3101 pertinere
909 3010 1088 3101 crederet,
1110 3011 1340 3106 opinabatur
1354 3019 1422 3086 aut
1435 3036 1521 3087 eum

400 3142 440 3213 in
465 3141 608 3213 crimen
631 3139 839 3233 impietatis
858 3163 939 3214 esse
958 3143 1121 3217 Athenis
1140 3152 1317 3219 vocatum
1336 3153 1405 3220 aut
1427 3148 1524 3220 Dia-

399 3297 513 3372 gorae
540 3275 621 3346 loco
650 3296 788 3346 nomen
817 3274 900 3368 ejus
918 3278 1098 3370 positum,
1121 3301 1234 3373 quem
1254 3281 1408 3374 quidem
1428 3282 1523 3354 Dio-

400 3411 514 3482 dorus
551 3407 738 3502 ejusmodi
774 3408 929 3481 crimen·
957 3411 1161 3486 iucurrisse
1193 3413 1356 3486 testatur
1372 3413 1404 3486 ⁵.
1427 3416 1523 3489 Vere

400 3548 528 3616 autem
548 3540 646 3613 vidit
659 3541 925 3615 Volkmannus
943 3545 992 3616 ad
1011 3551 1188 3619 neutram
1208 3546 1426 3641 opinionem
1441 3570 1522 3622 esse

400 3675 716 3769 coniugIendum:
740 3677 857 3748 verba
876 3677 978 3749 enim
997 3685 1099 3746 τοῦτον
1122 3710 1274 3766 φησιν....,
1296 3703 1395 3774 quae
1414 3683 1523 3755 uncis

400 3808 550 3898 inclusi,
568 3830 644 3880 non
659 3808 708 3880 ad
728 3807 933 3902 Diogenem
949 3810 1228 3906 Apolloniatem
1243 3814 1443 3908 pertinere,
1459 3817 1523 3888 sed

400 3945 662 4037 Anaxagorae,
702 3942 822 4015 obiter
856 3946 1069 4038 memorati,
1105 3947 1251 4019 nomini
1291 3948 1408 4022 fuisse
1448 3950 1522 4022 ad-

435 4276 441 4308 ¹
462 4275 670 4344 Wilamowitz,
686 4291 734 4344 op.
754 4273 853 4344 Ιαοιιίι,
869 4288 902 4343 p.
921 4274 975 4331 150
985 4291 1036 4347 sq.

433 4363 443 4396 ²
461 4365 639 4432 Volkmann,
652 4379 700 4432 op.
720 4363 818 4432 laud.‚
836 4378 907 4432 cap.
927 4365 949 4434 1,
964 4381 996 4433 p.
1014 4364 1043 4420 6.

432 4454 442 4486 ³
460 4455 547 4520 Diog.
566 4453 674 4522 L.,IX‚
685 4452 732 4506 57.
831 4511 834 4516 ,

431 4542 441 4575 ⁴
460 4544 564 4612 telier,
580 4541 633 4596 Ph,
646 4543 675 4596 d.
690 4543 750 4611 Gr„
762 4539 796 4612 1⁴,
808 4558 837 4610 p.
850 4542 912 4614 236,
927 4543 999 4598 adu.
1017 4543 1046 4598 2.

430 4631 440 4663 ⁵
460 4632 620 4700 Diodorus,
636 4632 712 4700 XIII,
726 4631 755 4684 6.
852 4696 854 4702 Α
