3676 5528
395 573 424 616 vi
870 571 1035 615 artmano.
1145 557 1149 566 '

394 702 671 797 redarguerunt
685 702 731 775 H.
750 700 936 776 Dielasins
955 699 1111 792 (Rlzein.
1130 699 1516 796 Mm,xxxl‚1876,

395 858 433 930 p.
464 833 526 926 30,
561 835 668 926 adn,
699 840 737 910 at
768 834 943 932 Doaoqr.
976 833 1127 929 Graan,
1166 859 1203 930 p.
1240 836 1308 910 161
1350 838 1451 933 sqq.)
1483 844 1522 914 ot

397 967 714 1043 Fraudenthalins
729 967 900 1058 (Hellen.
925 967 1054 1054 Stoa,
1076 969 1164 1043 Heit
1184 969 1232 1043 ΙΙΙ
1256 993 1264 1042 :
1286 969 1370 1042 Dor
1386 968 1521 1044 Plato-

396 1099 509 1175 nilcer
523 1099 687 1176 Albinae
701 1101 785 1176 und
797 1101 867 1176 der
877 1100 1024 1200 salacho
1038 1101 1239 1188 Altinoos,
1256 1103 1397 1194 Berlin,
1408 1104 1517 1198 1879,

396 1260 434 1330 p.
471 1235 543 1310 305
585 1237 690 1332 sqq.)
726 1259 734 1309 :
777 1242 858 1313 tum
896 1236 938 1311 in
975 1237 1114 1311 Dioclis
1153 1238 1278 1312 looum
1323 1239 1523 1333 supposuit

398 1369 441 1442 E.
465 1369 653 1443 Maassius
677 1368 889 1466 (Pleiloloq.
926 1370 1093 1456 Hatera,
1114 1372 1422 1466 herausgegebon
1445 1394 1521 1447 von

399 1503 445 1576 Α.
482 1503 672 1598 Kiessling
704 1504 784 1577 und
817 1505 861 1578 U.
896 1529 934 1578 v.
957 1505 1519 1598 Witamowitz-Moollendorfi,

399 1635 486 1711 Heit
506 1637 553 1710 ΙΙΙ
578 1659 586 1708 :
611 1635 670 1711 De
700 1635 923 1735 diopropltia
955 1637 1112 1712 Graecia
1140 1638 1380 1736 quaestiones
1407 1638 1523 1713 selec-

399 1775 487 1861 tae),
502 1771 583 1865 qui,
605 1771 788 1846 nimirum
808 1772 1059 1846 divinationis
1077 1772 1244 1867 quadam
1267 1777 1347 1846 arta
1366 1773 1523 1867 praedi-

399 1909 475 1996 tuS,
495 1927 572 1978 non
594 1907 705 1979 modo
720 1904 898 2000 Diogenis
918 1927 1013 2000 opus
1030 1907 1302 2001 propemodum
1317 1906 1522 2000 epitomem

399 2058 481 2112 assa
509 2038 689 2111 Favorini
722 2038 948 2113 contendere
981 2060 1098 2112 ausus
1126 2043 1195 2130 est,
1225 2040 1291 2112 sed
1328 2039 1443 2112 etiam
1476 2061 1524 2113 ax

399 2173 531 2246 eodem
569 2173 691 2264 tonte,
731 2173 842 2268 quasi
875 2195 895 2246 e
931 2195 1050 2247 cornu
1086 2173 1237 2267 oopiae,
1270 2173 1446 2278 hausisse
1486 2179 1525 2248 et

400 2306 633 2402 Hesychinm
674 2313 713 2381 et
744 2307 929 2400 plurimos
973 2329 1068 2401 quos
1104 2307 1274 2402 singulos
1302 2328 1524 2382 enumerare

400 2441 556 2534 longum
581 2447 651 2514 est.

450 2574 587 2669 Ingens
623 2580 752 2648 autem
796 2574 891 2648 iilud
925 2574 1079 2648 Maassii
1112 2575 1351 2667 aedificium,
1385 2582 1525 2650 temere

401 2713 659 2783 oonstrnotum
692 2714 729 2783 ot
764 2708 930 2782 infirmis
961 2709 1220 2782 fundamentis
1252 2710 1395 2802 nisum,
1421 2711 1525 2784 haud

401 2863 512 2937 aegra
547 2843 683 2916 evertit
711 2843 1034 2919 Wilamowitzius
1067 2840 1195 2937 (ibid,
1220 2841 1287 2916 Ad
1316 2843 1525 2918 Ernestom

402 2975 618 3050 Monetium
648 2975 823 3074 epistola,
844 3001 881 3072 p.
908 2977 1085 3072 tta-165)
1115 2978 1260 3051 «inter
1293 2978 1527 3052 somniantes

403 3111 723 3205 vigilantissimus
737 3117 774 3185 et
788 3111 1045 3185 acutissimus¹
1059 3111 1137 3183 vir¹
1152 3135 1171 3183 a
1196 3135 1203 3183 :
1226 3112 1293 3206 qui
1322 3135 1399 3185 non
1415 3115 1526 3188 modo

402 3245 610 3339 praefracte
629 3247 785 3341 negavit
804 3247 906 3339 apud
926 3245 1159 3340 Hesyohinm
1179 3251 1369 3319 oeterosve
1388 3267 1528 3341 quem-

402 3401 518 3473 quam
551 3401 632 3453 esse
660 3380 785 3453 looum
817 3379 883 3475 qui
911 3383 1012 3452 oerta
1045 3379 1191 3453 ratione
1219 3381 1268 3454 ad
1294 3380 1527 3455 Favorinum

402 3513 532 3588 reterri
554 3519 692 3608 posset,
724 3515 788 3587 sed
821 3513 937 3587 etiam
965 3535 1063 3608 quaa
1099 3535 1145 3587 ex
1178 3514 1367 3587 Favorino
1400 3534 1529 3608 sump-

403 3648 514 3722 sisset
539 3648 724 3744 Diogenes
754 3670 823 3722 neo
847 3649 969 3722 multa
994 3669 1063 3722 neo
1081 3648 1215 3743 gravia
1233 3670 1316 3722 esse
1338 3648 1467 3722 doouit
1481 3691 1527 3702 -

403 3805 479 3856 non
510 3784 611 3856 enim
639 3783 778 3857 totiens
802 3781 982 3856 Favorini
1007 3804 1145 3856 nomen
1172 3783 1385 3877 positurum
1411 3783 1528 3856 inisse

403 3939 504 4010 eum,
538 3918 569 3991 si
598 3917 728 3991 omnia
757 3917 807 3990 ab
835 3939 879 3991 eo
907 3896 1110 3989 manarent
1137 3958 1184 3969 —
1216 3937 1339 4012 neque
1363 3915 1529 4012 ingentia

403 4053 597 4126 doetrinae
629 4074 719 4146 praa
758 4073 797 4125 se
833 4052 929 4124 farre
963 4050 1157 4145 speeiem3
1197 4051 1285 4124 inde
1323 4021 1528 4146 Diogenem

403 4187 567 4282 pauouta
607 4186 798 4275 hausisse,
842 4207 941 4280 quae
984 4183 1203 4257 auctoribus
1245 4185 1324 4258 suis
1368 4185 1528 4280 carptim

403 4324 669 4417 adspergeret:
697 4320 846 4393 nnllum
873 4318 1001 4413 igitur,
1028 4319 1100 4391 hao
1126 4318 1281 4413 quidem
1314 4319 1354 4391 in
1383 4341 1435 4411 ro,
1461 4324 1530 4393 aut

442 4619 447 4650 ¹
470 4617 598 4686 Usener,
613 4613 773 4686 Epicurea,
791 4630 821 4683 p.
836 4626 912 4669 xxu.
