3676 5528
399 534 450 576 vm
872 531 1038 575 auunculo.

398 663 470 738 erit
492 687 500 736 :
526 663 558 736 si
583 660 795 757 periculum
815 667 873 735 est
890 683 938 736 ue
953 683 998 736 ea
1016 681 1115 757 quae
1133 666 1286 736 exstant
1304 683 1324 735 e
1343 660 1524 736 Favorini

398 796 589 893 operibus
615 795 684 868 tali
711 795 859 868 ratione
886 795 1120 886 examinate,
1150 795 1302 890 saepius
1327 795 1526 870 deminuta

397 952 515 1025 quam
543 934 656 1002 aucta
678 930 859 1021 evadant,
885 933 985 1002 certe
1007 929 1112 1002 haud
1134 929 1243 1024 pejus
1269 930 1315 1002 de
1335 928 1525 1002 Favorino

399 1065 524 1138 meriti
544 1068 657 1138 erunt
675 1063 707 1136 si
727 1063 793 1157 qui
813 1085 914 1152 eum,
932 1063 1172 1157 quorundam
1190 1084 1374 1154 errorum,
1393 1063 1525 1136 imme-

399 1199 472 1273 rito
491 1199 526 1272 ei
545 1197 835 1292 adscriptorum,
861 1196 1019 1270 crimine
1038 1197 1287 1288 absolverint,
1305 1220 1421 1292 quam
1441 1197 1521 1292 qui,

399 1331 504 1407 nullo
545 1332 651 1427 jure,
698 1332 922 1404 thesaurum
966 1331 1168 1404 universae
1207 1331 1401 1404 doctrinae
1444 1351 1524 1404 esse

399 1467 605 1541 voluerunt
632 1471 760 1560 atque,
783 1470 826 1537 ut
845 1465 900 1538 ite
919 1464 1058 1555 dicam,
1083 1464 1123 1537 in
1138 1464 1259 1538 altum
1289 1465 1526 1539 sustulerunt

398 1605 443 1674 ut
461 1622 553 1675 casu
566 1599 741 1695 graviore
760 1604 898 1673 rueret.

449 1734 575 1808 Unum
603 1734 719 1808 etiem
757 1733 1013 1829 adjiciendum
1046 1739 1116 1807 est.
1146 1732 1222 1808 Eae
1249 1754 1393 1824 omnes,
1428 1754 1525 1827 quas

400 1868 624 1959 memoravi,
640 1867 953 1958 dissertationes,
991 1873 1181 1962 quotanus
1211 1867 1260 1940 ad
1291 1866 1523 1940 Favorinum

401 2006 592 2098 spectent,
638 2001 902 2076 tautummodo
946 2001 1159 2096 fragmenta
1202 1999 1285 2095 ejus
1323 1999 1526 2095 tetigere1.

401 2136 624 2232 Nuperrime
653 2139 781 2210 autem
811 2134 1026 2209 Ludovicus
1055 2134 1171 2230 Legre
1196 2133 1376 2207 Favorini
1404 2133 1525 2207 vitam

400 2275 438 2343 et
459 2292 574 2365 opere
596 2274 634 2343 et
659 2271 837 2365 aequales
868 2290 944 2342 uno
973 2273 1175 2364 conspectu
1200 2268 1419 2363 complexus
1454 2272 1525 2357 est,
1617 2361 1622 2370 ῃ

400 2404 502 2477 edito
534 2404 627 2477 satis
657 2404 785 2500 amplo
818 2403 915 2477 libro
943 2407 981 2476 et
1011 2402 1212 2497 diligenter
1246 2401 1457 2497 conscripto
1489 2405 1528 2473 et

400 2558 515 2632 quem
546 2539 669 2632 legere
695 2538 800 2612 haud
830 2558 922 2610 sane
950 2536 1202 2631 injucundum
1221 2541 1319 2609 esta
1341 2533 1419 2630 Ego
1438 2555 1528 2608 vero

400 2670 478 2746 fare
503 2672 651 2746 nullam
677 2671 765 2746 inde
792 2670 997 2744 utilitatem
1016 2669 1227 2765 percepisse
1247 2691 1308 2742 me
1334 2668 1525 2764 profiteor,

401 2827 479 2878 non
497 2807 608 2879 modo
627 2807 719 2902 quia
740 2809 823 2879 tum
844 2805 999 2877 demum
1015 2803 1111 2877 mihi
1127 2803 1190 2877 ille
1204 2803 1244 2877 in
1262 2808 1442 2899 promptu
1455 2801 1530 2883 fuit

402 2945 605 3034 postquam
630 2940 710 3036 jam
739 2938 835 3012 mihi
859 2938 1014 3012 collecta
1039 2942 1121 3012 eret
1140 2937 1257 3032 hujus
1275 2936 1394 3011 libelli
1412 2940 1530 3009 mate-

401 3073 490 3166 ries,
516 3074 787 3148 verumetiam
808 3116 855 3126 -
878 3073 980 3168 quod
1006 3073 1068 3146 vel
1087 3095 1107 3146 θ
1123 3071 1291 3169 proemio
1315 3069 1530 3167 praesagire

402 3206 490 3280 licet
517 3249 562 3260 —
590 3209 682 3303 quia
706 3206 828 3302 magis
848 3205 1129 3280 Arelatensium
1147 3205 1274 3300 gratia
1292 3206 1454 3301 scriptus
1473 3209 1531 3278 est

438 3519 535 3574 ί1111θ
550 3532 675 3589 quoque
699 3533 804 3591 opera,
826 3521 984 3590 amplioris
1008 3519 1152 3591 ambitus,
1174 3520 1204 3574 in
1226 3519 1339 3589 quibus
1364 3518 1530 3574 Favorinus

403 3607 504 3663 obiter
518 3610 621 3663 taetus
635 3611 694 3678 est,
709 3608 747 3662 ad
768 3623 892 3664 manum
905 3609 995 3665 nobis
1010 3609 1108 3664 fuisse
1122 3623 1178 3678 par
1190 3612 1248 3664 est.
1262 3608 1347 3673 Quae
1359 3621 1398 3662 ne
1411 3607 1532 3675 singula

405 3697 455 3751 hic
468 3697 673 3768 nominemus
687 3697 765 3753 satis
777 3699 835 3752 erit
849 3699 970 3754 interim
984 3713 1024 3754 aa
1036 3698 1181 3767 excipere
1194 3713 1200 3753 :

439 3821 471 3876 E.
484 3821 589 3892 Zeller,
605 3820 796 3894 Philosophia
811 3824 866 3878 der
881 3822 1040 3892 Grieehen,
1053 3822 1116 3894 111³,
1132 3835 1165 3895 11,
1180 3823 1312 3894 Leipzig,
1326 3821 1406 3878 1881.

439 3911 472 3966 V.
487 3911 651 3982 Brochard,
667 3910 719 3965 Les
734 3910 906 3984 Sceptiqueo
922 3911 1021 3984 Gracc,
1035 3913 1132 3983 Paris,
1146 3911 1227 3969 1887.

440 4001 473 4056 Α.
489 4003 521 4055 et
540 4001 577 4055 M.
603 4001 733 4072 croiset,
751 4001 885 4056 Histoire
905 4003 941 4057 de
964 4003 994 4056 la
1015 4001 1202 4057 Litterature
1223 4001 1363 4072 Grecque,
1382 4002 1416 4070 V,
1436 3999 1532 4069 PariS,

493 4089 507 4142 1
566 4131 574 4146 .

440 4179 475 4233 R.
492 4088 600 4250 Hiiiel,
619 4169 680 4233 Der
693 4177 813 4250 Diolop,
829 4181 865 4251 II,
879 4181 1011 4251 Leipzig,
1025 4180 1106 4236 1895.

441 4268 472 4322 Ε.
486 4269 620 4339 Norden,
637 4267 694 4323 Die
709 4269 814 4324 antike
828 4271 1026 4340 Kanetprosa,
1042 4272 1078 4341 11,
1091 4272 1201 4342 Berlin,
1212 4269 1292 4325 1898.

440 4391 605 4449 ‘Ludovic
619 4393 725 4465 aegre,
753 4393 797 4450 Un
815 4394 993 4467 philosophe
1008 4396 1174 4463 Proeenpal
1195 4411 1235 4450 au
1260 4394 1421 4465 tampades
1445 4393 1535 4447 Anto·

404 4484 475 4536 nias
492 4497 501 4535 :
517 4481 649 4536 Faveria
665 4483 790 4554 d'Arleo,
807 4501 840 4540 aa
856 4484 911 4556 vie,
932 4501 976 4539 ses
993 4501 1113 4555 acueres,
1133 4501 1176 4540 sea
1194 4482 1445 4554 corrumpemini,
1461 4483 1535 4538 Mar·

406 4570 503 4641 seille,
516 4570 597 4627 1900.
1020 4587 1021 4591 ¹
