3676 5528
401 525 439 583 12
895 541 986 586 curor
1006 543 1027 586 1.

400 671 608 766 astrologos
636 673 807 764 haberet,
835 693 927 767 prae
954 672 1089 746 ceteris
1121 672 1329 746 eminuisse
1362 672 1526 745 Favori-

400 827 537 878 numa
567 804 770 899 Spartiano
798 799 1052 900 accepimus¹.
1077 805 1250 895 Attum
1277 805 1358 901 ipse
1381 805 1526 878 nullius

313 1041 317 1050 ῃ
401 960 477 1011 non
495 939 589 1012 artis
615 938 814 1033 imperitus
836 960 917 1012 esse
944 939 1058 1012 vellet
1079 939 1200 1012 videri
1227 945 1341 1034 atque
1360 940 1465 1012 omni
1485 939 1525 1013 in

401 1095 442 1146 re
456 1073 633 1147 excellere
654 1094 735 1147 sese
748 1073 948 1167 judicaret,
961 1073 1109 1147 lubrica
1126 1078 1210 1147 erat
1227 1074 1316 1148 talis
1330 1074 1522 1147 amicitia:

402 1229 532 1301 quare,
545 1207 662 1280 etiam
677 1229 764 1280 curu
779 1207 826 1282 de
838 1206 1088 1302 grammatica
1103 1207 1385 1303 disputabatur,
1397 1212 1525 1281 tutum

401 1345 484 1414 erat
508 1361 593 1413 non
626 1341 801 1414 altercari
841 1363 929 1414 oum
970 1341 1152 1414 iracundo
1183 1341 1423 1436 imperatore,
1460 1343 1525 1414 sed

402 1473 606 1547 doctiorem
626 1474 758 1568 utique
777 1476 928 1548 credere
947 1496 1028 1548 esse
1048 1497 1149 1566 eum,
1171 1476 1273 1569 quod
1296 1475 1526 1548 facetissime

402 1608 500 1680 dixit
527 1609 694 1703 quadam
724 1609 784 1681 die
815 1609 1042 1701 Favorinus
1075 1609 1141 1704 qui
1175 1609 1333 1703 triginta
1359 1609 1527 1704 legiones

402 1739 593 1814 haberat
617 1742 742 1836 Atque
761 1743 891 1835 etiam,
915 1743 1044 1816 Cassio
1059 1743 1178 1816 Dione
1199 1723 1306 1835 teste,
1324 1744 1386 1816 vel
1399 1743 1527 1837 potius

402 1894 446 1947 eo
466 1873 538 1967 'qui
571 1873 691 1946 Cassii
725 1876 937 1949 Romanam
963 1876 1163 1949 historiam
1192 1877 1233 1948 in
1259 1875 1525 1970 compendium

402 2007 558 2101 redegit,
595 2008 634 2080 iu
664 2031 857 2081 summum
885 2009 1097 2104 periculum
1130 2033 1208 2083 una
1240 2031 1326 2083 cum
1357 2011 1527 2105 sophista

403 2141 586 2237 Dionysio
619 2142 764 2215 Milesio
797 2144 984 2217 adductus
1017 2148 1099 2216 est:
1137 2144 1374 2217 Hadrianum
1407 2145 1523 2237 enim,

403 2297 503 2365 cum,
527 2276 607 2348 sive
630 2276 781 2348 fastidio
802 2277 882 2350 sive
900 2278 1050 2350 invidia
1069 2277 1241 2370 aflectus,
1263 2278 1416 2372 utrique
1436 2301 1527 2352 sus-

403 2411 584 2500 censeret,
620 2409 704 2481 ideo
736 2414 888 2482 tentum
922 2411 976 2483 eis
1000 2411 1222 2505 'pepercisse
1255 2412 1347 2505 quia
1380 2411 1525 2484 nullam

404 2542 613 2636 speciosam
641 2565 797 2615 causam
825 2545 1054 2639 repperisset
1081 2567 1148 2617 cur
1175 2566 1239 2617 eos
1267 2545 1523 2639 interliceret3

402 2676 457 2748 ita
478 2681 605 2749 tamen
625 2677 845 2750 iracundiae
875 2700 965 2751 suae
992 2679 1031 2750 in
1061 2678 1294 2752 Favorinum
1323 2679 1526 2752 indulsisse

404 2814 459 2900 ut,
480 2832 566 2884 oum
588 2810 649 2883 ille
669 2812 826 2899 ἀρχιερεύς
848 2812 951 2884 domi
966 2817 1115 2906 creatus
1134 2817 1246 2903 esset,
1264 2814 1365 2906 quod
1386 2835 1535 2912 munus·

403 2966 565 3037 magnas
602 2945 794 3039 impensas
831 2947 1061 3040 requirebat,
1097 2951 1135 3018 et
1166 2947 1215 3019 ad
1243 2947 1523 3041 imperatorem,

403 3084 588 3172 tanquam
609 3079 858 3174 philosophus
877 3085 988 3170 esset,
1011 3085 1264 3174 provocasset,
1296 3081 1527 3155 immunita-

404 3216 481 3285 tem
500 3211 555 3285 illi
575 3212 790 3307 denegaret,
812 3215 874 3287 vel
892 3214 1020 3309 potius
1034 3214 1291 3308 denegaturus
1310 3214 1438 3304 fuerit,
1452 3215 1527 3289 nisi

403 3347 466 3420 ille
481 3347 783 3442 praevertisset³.
801 3316 1054 3421 Philostratus
1068 3354 1210 3440 autem,
1232 3349 1298 3442 qui
1318 3371 1398 3421 rem
1414 3350 1528 3443 paulo

404 3481 593 3574 copiosius
608 3482 740 3554 eadem
759 3482 877 3554 ferme
896 3486 1020 3555 aetate
1039 3482 1225 3573 narravit,
1248 3504 1324 3555 non
1342 3482 1528 3576 gravissi-

320 3586 328 3604 *
405 3638 510 3687 mum
531 3615 648 3688 luisse
667 3616 796 3688 odium
814 3615 909 3688 illud
924 3616 1195 3705 arbitrabatur,
1214 3617 1278 3689 sed
1299 3637 1365 3710 per
1383 3616 1524 3706 lusum,

403 3748 523 3821 animi
544 3771 567 3822 a
586 3748 748 3843 publicis
773 3749 874 3821 curis
892 3748 1109 3821 remittendi
1129 3771 1258 3840 causa,
1275 3750 1404 3822 doctos
1425 3749 1528 3822 viros

405 3904 543 3956 vexare
570 3883 723 3955 solitum
747 3883 1013 3977 imperatorem
1028 3879 1053 3954 ⁴.
1085 3883 1125 3955 ld
1148 3888 1277 3955 tamen
1302 3905 1528 3977 magnopere

440 4134 447 4167 ¹
469 4133 659 4201 Spartianus,
670 4131 780 4200 Hada,
795 4134 867 4188 XVI.

439 4223 451 4256 ²
470 4223 524 4292 ld.‚
545 4220 629 4288 ibid,
649 4223 708 4276 XV.
764 4265 767 4272 ,

440 4319 451 4351 ³
469 4313 596 4366 Cassius
612 4312 677 4379 Dio,
688 4312 784 4380 LXIX,
800 4311 825 4364 3.

441 4400 450 4432 ⁴
469 4402 564 4468 Idem,
579 4415 648 4454 cum
660 4401 795 4468 Dionysii
811 4401 918 4454 Milesii
938 4401 1030 4454 vitam
1044 4400 1205 4469 scriberet,
1219 4414 1258 4454 ne
1271 4401 1452 4455 memoravit
1465 4402 1529 4470 qui·

405 4491 475 4546 dem
495 4490 598 4543 odium
624 4489 778 4559 Hadriani,
793 4489 931 4558 equestri
952 4493 1053 4543 eutem
1079 4489 1177 4543 ordini
1196 4489 1387 4556 adscriptum
1405 4504 1474 4544 eum
1490 4492 1528 4545 ab

405 4580 590 4646 imperatore
608 4578 706 4632 fuisse
724 4578 841 4632 rettulit
856 4579 1084 4646 (Philostratus
1100 4576 1130 4630 V.
1142 4576 1185 4646 S,
1203 4579 1225 4646 l,
1239 4589 1316 4646 xxu,
1330 4577 1368 4646 5),
1385 4579 1427 4632 Gl.
1442 4579 1528 4648 inira,

404 4682 434 4736 p.
448 4666 493 4738 30,
509 4666 579 4721 adn.
596 4666 623 4720 2.
