3676 5528
400 581 420 639 4
892 596 983 640 onnon
1004 598 1025 639 1.

399 729 485 802 dem
504 750 548 802 ac
568 729 790 824 magistram
801 728 1029 818 studiorum,
1046 729 1170 801 locum
1184 749 1323 824 praeca
1342 726 1523 804 comitate

397 867 436 936 et
449 863 683 957 provinciali
707 862 942 957 parsimonia
957 861 1121 935 mixtum
1141 883 1186 935 ac
1212 863 1309 936 bene
1327 865 1522 960 composi-

396 1002 480 1070 tum
494 1021 513 1068 »
530 998 579 1070 ab
594 996 716 1090 ipsius
729 1018 867 1092 genero
882 997 1097 1091 accepimus
1108 995 1133 1068 ¹.
1152 996 1228 1071 Neo
1241 997 1370 1070 minus
1392 998 1523 1072 Arela-

396 1139 473 1220 tem
501 1133 625 1226 ipsam
644 1154 783 1236 graeca
800 1131 978 1204 comitate
997 1131 1115 1204 fuisse
1139 1132 1326 1205 imbutam
1355 1132 1522 1226 plurima

395 1266 522 1339 adhuc
544 1270 698 1360 exstant
723 1263 904 1338 indiciai.
932 1265 1093 1338 Graecas
1121 1269 1222 1337 artes
1242 1265 1319 1338 illic
1346 1265 1521 1338 floruisse

395 1400 540 1496 inclyta
565 1403 813 1472 monumenta
844 1397 1051 1489 declarant,
1076 1399 1156 1472 sive
1179 1398 1403 1492 jamdudum
1433 1398 1520 1472 iude

395 1507 619 1627 migravere,
642 1533 723 1606 sive
742 1533 962 1606 etiamnunc
980 1533 1126 1606 felicem
1147 1556 1230 1606 eam
1252 1539 1392 1606 terram
1413 1533 1520 1606 deco

394 1673 494 1741 rant.
518 1667 616 1754 Quid
634 1667 736 1760 quod
751 1667 940 1760 insignem
960 1666 1065 1739 illam
1086 1666 1366 1740 Arelatensium
1387 1667 1520 1740 mulie-

393 1824 479 1876 rum
499 1800 661 1873 formam
683 1801 788 1874 haud
809 1801 994 1894 imparem
1013 1822 1095 1874 esse
1119 1800 1283 1874 Graecae
1309 1801 1516 1892 venustati,

393 1959 492 2033 quae
520 1937 575 2010 eis
602 1958 622 2009 e
654 1935 863 2030 majoribus
889 1935 1098 2008 hereditate
1126 1935 1281 2029 obtigit,
1313 1935 1389 2008 tere
1422 1935 1521 2008 inter

393 2092 525 2144 omnes
538 2068 739 2143 convenia
752 2070 834 2157 Qua
849 2069 889 2141 in
903 2070 997 2142 urbe
1012 2069 1207 2160 educatus,
1218 2048 1518 2163 haudquaquam

393 2204 533 2279 mirum
553 2209 609 2278 est
624 2205 661 2276 si
676 2202 889 2276 Favorinus
904 2204 1109 2277 vehemens
1129 2203 1357 2276 Graecarum
1377 2203 1520 2277 littera—

392 2363 478 2414 rum
499 2340 668 2413 studium
695 2338 877 2432 concepit.

443 2473 510 2565 Ac,
533 2471 608 2544 nisi
635 2477 775 2544 temere
795 2470 964 2564 conjecta
995 2475 1084 2542 sunt
1103 2492 1148 2543 ea
1176 2472 1222 2544 de
1255 2471 1395 2566 quibus
1418 2470 1540 2544 inira·

394 2606 626 2703 disputaturi
649 2603 818 2694 sumus3,
836 2609 946 2677 tanta
960 2605 1081 2699 ipsius
1101 2605 1280 2679 Graeciae
1297 2606 1519 2680 invisendae

394 2742 601 2837 cupiditate
620 2739 814 2833 flagravit,
841 2745 896 2828 ut,
919 2760 1005 2811 cum
1025 2744 1164 2832 posset,
1192 2740 1399 2812 multorum
1423 2739 1518 2812 adu-

393 2874 617 2965 lescentium
640 2894 757 2964 more,
779 2871 942 2966 puhlicis
966 2872 1158 2966 iungendo
1182 2873 1418 2962 muneribus,
1449 2873 1517 2944 ho-

393 3031 505 3084 nores
526 3007 698 3101 adipisci,
716 3006 849 3078 invitis
865 3005 1274 3100 tortasseparentibus,
1293 3027 1398 3079 mare
1413 3005 1518 3101 traji-

393 3149 503 3228 ceret,
531 3141 612 3215 sive
646 3141 685 3212 in
710 3140 793 3234 ipsa
812 3139 982 3212 Massilia
1006 3162 1144 3213 navem
1167 3140 1399 3232 conscendit,
1420 3141 1515 3232 sive,

393 3277 495 3372 quod
513 3275 669 3371 propius
690 3273 806 3346 fidem
836 3280 905 3364 est,
932 3295 999 3368 per
1021 3274 1183 3346 Romam
1207 3279 1245 3346 et
1274 3273 1424 3347 ltaliam
1446 3274 1518 3348 iter

391 3412 512 3485 iecitt.
536 3411 593 3484 lta
612 3409 650 3482 id
668 3410 794 3503 ipsum
811 3409 882 3482 iter
897 3407 1105 3503 suscepisse
1125 3408 1277 3481 videtur
1290 3409 1391 3501 quod
1411 3399 1516 3482 haud

391 3546 511 3618 multo
531 3549 615 3638 post
640 3544 863 3635 aLuciauo,
892 3544 1043 3616 inverso
1070 3543 1225 3636 quidem
1251 3543 1395 3632 ordine,
1425 3565 1516 3616 sus-

391 3685 543 3774 ceptum
576 3683 663 3752 est⁵.
689 3677 797 3750 Certe
826 3677 865 3748 in
899 3677 1005 3750 Ionia
1038 3683 1228 3750 moratum
1256 3698 1338 3750 esse
1367 3682 1516 3749 constat

424 3936 433 3970 ¹
453 3936 587 4003 Tacitus,
603 3932 755 4003 Agricola,
772 3934 819 3988 IV.

424 4025 436 4059 ²
454 4025 498 4080 De
511 4025 633 4079 Arelate
648 4024 773 4093 Graeca,
787 4023 857 4077 vide
872 4023 924 4077 Gh.
938 4023 1110 4093 Leutheric,
1124 4022 1169 4077 La
1184 4023 1275 4078 Gracc
1291 4027 1320 4077 et
1334 4021 1462 4077 l'Orient
1477 4039 1514 4077 en

314 4121 317 4127 '
390 4112 547 4179 Prooence,
562 4117 733 4168 c.1vatV1.
752 4112 794 4167 Cf.
814 4112 844 4166 E.
862 4114 978 4182 Renan,
998 4111 1080 4182 Orip.
1095 4113 1136 4166 du
1151 4111 1274 4180 Christ,
1291 4112 1513 4181 Marc-Aurata,

389 4217 418 4270 p.
432 4202 495 4273 343,
510 4203 580 4258 adu.
595 4203 622 4257 2.

424 4291 435 4324 ³
455 4293 497 4348 Cf.
511 4293 598 4363 intra,
614 4307 644 4361 p.
656 4291 691 4345 25
705 4306 751 4360 sq.

404 4425 407 4436 ι
424 4380 434 4413 ⁴
453 4381 495 4436 Gt.
516 4383 643 4451 Marses,
657 4396 702 4450 cp.
723 4379 816 4450 laud,
830 4395 860 4450 p.
871 4380 916 4451 13,
932 4385 963 4436 et
978 4382 1106 4452 Groiset,
1118 4381 1196 4436 Hist.
1211 4383 1247 4437 de
1263 4383 1293 4436 la
1310 4381 1381 4437 titt.
1398 4381 1463 4449 Gr,
1479 4383 1513 4451 V,

388 4487 418 4540 p.
429 4470 491 4526 539.
508 4471 651 4526 Ceterum
670 4471 721 4524 vix
735 4469 890 4525 credimus
906 4471 957 4526 diu
973 4473 1088 4527 Romae
1102 4477 1173 4527 ante
1187 4477 1338 4527 moratum
1352 4485 1425 4528 esse
1442 4485 1513 4526 eum

388 4575 480 4629 quam
493 4560 651 4624 Graeciam
667 4563 797 4627 peteret.

423 4647 434 4681 ⁵
453 4648 495 4703 Cf.
508 4649 545 4703 M.
560 4648 689 4718 Croiset,
702 4646 790 4702 Esset
802 4663 855 4702 sar
872 4647 991 4719 lucion,
1007 4652 1029 4705 1.
