3676 5528
388 467 410 526 8
884 482 976 526 cxrnr
997 484 1017 527 1.

391 612 547 686 lostrato
574 610 789 705 acecpimus
817 633 974 685 aeneam
1002 612 1084 706 ejus
1118 616 1284 686 statuam
1318 614 1366 686 ah
1399 613 1516 688 Athe-

290 731 293 738 *
389 745 587 819 niensihus
615 744 733 817 fuisse
751 745 952 839 positam¹.
976 746 1057 819 'lali
1082 748 1224 820 honore
1257 768 1280 818 a
1309 745 1515 820 Corinthiis

389 901 539 975 quoque
558 883 695 951 auctus
710 877 827 952 fuisse
847 878 1000 951 videtur
1021 902 1029 951 :
1047 902 1125 973 qua
1143 880 1189 952 de
1210 902 1250 952 re
1265 879 1366 954 inira
1384 879 1515 974 dispu-

377 1009 590 1113 ,tabimush

437 1147 557 1243 Major
575 1147 690 1255 etiam
711 1147 815 1220 fama
834 1145 1071 1240 majoresque
1091 1147 1305 1221 simultates
1324 1148 1364 1222 iu
1380 1148 1512 1222 Asiam

385 1282 495 1354 illum
521 1286 741 1376 prosecutae
777 1283 879 1352 sunt.
915 1279 1011 1352 Nam
1046 1289 1203 1375 gravem
1231 1281 1511 1355 contentionem

386 1419 509 1489 ortam
535 1436 617 1488 esse
642 1413 695 1487 ihi
716 1436 803 1487 enm
829 1413 929 1485 inter
955 1435 999 1486 ae
1031 1413 1272 1487 Polemonem
1299 1416 1511 1509 sophistam

387 1549 640 1623 Philostratus
659 1547 817 1620 tradidit
835 1552 872 1619 et
896 1545 1127 1642 smyrnaeos
1142 1547 1335 1621 Polemoni
1355 1549 1508 1640 favisse,

385 1683 567 1778 Ephesios
586 1687 715 1756 autem
736 1681 884 1754 stetisse
903 1701 927 1752 a
952 1680 1184 1776 Favorino³;
1206 1683 1320 1776 quod,
1339 1683 1414 1755 nisi
1431 1683 1510 1777 jam

385 1816 590 1890 aemulatio
610 1815 798 1910 quaedam
827 1815 927 1886 inter
953 1819 1156 1909 utramque
1182 1817 1316 1890 urbem
1347 1818 1511 1892 interve-

384 1952 516 2042 nisset,
558 1973 606 2023 ne
639 1950 694 2022 ita
726 1949 879 2043 quidem
923 1953 1022 2021 esset
1057 1951 1159 2044 quod
1192 1951 1506 2026 admiraremur:

384 2089 491 2159 tanto
523 2106 653 2157 amore
688 2083 946 2177 sophistarum
984 2087 1022 2155 et
1054 2084 1352 2158 declamatorum
1386 2108 1432 2159 ea
1471 2086 1522 2158 in·

384 2219 536 2315 regione
561 2239 681 2312 eaque
709 2220 832 2291 aetate
857 2216 1132 2291 insaniebatur.
1166 2219 1207 2291 ln
1237 2219 1330 2292 Asia
1361 2231 1520 2314 quoque·

384 2355 544 2428 Dionem
570 2351 746 2425 auditum
766 2351 884 2424 luisse
906 2373 930 2422 a
956 2350 1145 2425 Favorino
1172 2352 1318 2446 opinor,
1341 2375 1454 2447 quem
1474 2358 1512 2426 et

386 2489 466 2583 ipse
481 2487 554 2560 sibi
574 2489 854 2581 praeceptorem
870 2485 987 2558 fuisse
1001 2485 1192 2580 iactabat*
1205 2490 1243 2558 et
1257 2486 1511 2560 Philostratus

386 2622 537 2696 dicebat
563 2620 613 2693 ab
641 2641 685 2692 eo
713 2623 864 2692 tantum
891 2620 1033 2692 distare
1057 2618 1290 2692 Favorinum
1323 2626 1510 2714 quantum

384 2758 450 2852 qui
483 2776 682 2849 nunquam
716 2753 962 2826 audivisset⁵.
998 2754 1117 2844 Certe,
1149 2775 1236 2826 cum
1269 2754 1511 2827 Polemonem

385 2889 606 2964 noverimus
625 2886 665 2960 iu
689 2886 913 2981 Bithyniam
942 2908 1022 2960 sese
1046 2888 1252 2960 contulisse
1276 2873 1408 2962 Dionis
1435 2911 1511 2963 au-

385 3024 514 3097 diendi
542 3019 689 3111 causass,
721 3018 820 3093 nihil
848 3019 1007 3114 impedit
1039 3021 1245 3114 quominus
1277 3022 1510 3096 Favorinum

385 3178 536 3254 quoque
568 3156 700 3229 eadem
730 3157 854 3227 aetate
870 3153 1087 3247 'eodemque
1124 3153 1280 3228 consilio
1309 3154 1381 3228 iter
1417 3155 1511 3228 illud

387 3290 596 3386 suscepisse
624 3283 857 3362 credamus⁷.
881 3287 929 3359 Ut
957 3308 1046 3360 vero
1073 3287 1186 3359 ambo
1219 3287 1378 3360 Dionem
1404 3288 1512 3362 audi-

388 3537 488 3618 ὀλίγον
510 3539 568 3618 προ
592 3537 676 3612 ἡμῶν
697 3531 904 3610 εὐδοκιμήοας.
936 3546 978 3601 (ΙΙ.
1000 3545 1094 3600 ibid:
1106 3586 1219 3603 .......
1249 3533 1281 3596 οὐ
1306 3534 1511 3617 καταπλαγεὶς

388 3623 475 3688 αὑτοῦ
490 3627 543 3702 τὴν
563 3619 643 3706 παρὰ
662 3632 726 3696 τοῖς
744 3624 873 3696 πολλοῖς
893 3621 991 3697 δόξαν.

424 3727 433 3761 ¹
453 3726 667 3794 Philostratus,
689 3723 717 3778 V.
735 3720 777 3789 S,
792 3724 814 3793 Ι,
829 3735 896 3794 vrrr,
909 3723 935 3778 3.

424 3816 435 3851 ²
455 3815 497 3871 Cf.
513 3815 600 3883 infra,
617 3828 685 3881 cap.
700 3825 733 3882 ΙΙ,
747 3827 776 3880 p.
788 3812 823 3866 22
836 3827 906 3882 sqq.

424 3903 434 3936 ³
454 3903 668 3970 Philostratus,
690 3900 719 3955 V.
736 3900 779 3970 8,,
792 3902 814 3971 Ι,
831 3913 898 3970 vrrr,
912 3900 937 3956 5.

423 3992 434 4026 ⁴
453 3993 508 4063 Id.,
528 3990 611 4056 ibid,
634 3991 656 4059 Ι,
676 4002 743 4060 vrri,
763 3990 789 4044 3.

424 4081 435 4115 ⁵
455 4082 509 4150 ld,
530 4079 615 4142 ibid,
636 4080 658 4148 Ι,
678 4091 745 4148 vnr,
765 4078 790 4132 7.
906 4109 909 4114 -

423 4170 508 4240 ild,
529 4168 613 4236 ibid,
634 4169 656 4236 1,
677 4181 748 4236 xxv,
768 4167 812 4221 18.
827 4169 909 4222 Inter
924 4182 1022 4223 annos
1042 4168 1176 4223 GV-CXII
1190 4169 1344 4224 cecidisse
1367 4171 1515 4227 arbitran-

389 4261 461 4315 dum
475 4263 525 4314 est
539 4258 612 4313 illud
636 4257 811 4312 Polemonis
831 4257 898 4326 iter,
920 4258 947 4312 si
963 4258 1134 4312 rationibus
1155 4273 1173 4312 a
1191 4259 1214 4313 J.
1230 4259 1269 4314 de
1284 4259 1387 4314 Arnim
1405 4260 1514 4331 (leben
1603 4263 1605 4268 '

388 4349 452 4404 und
473 4346 580 4402 Werlre
596 4347 645 4400 des
661 4344 718 4398 Dio
733 4361 788 4398 von
804 4345 910 4414 Prusa,
925 4361 955 4414 p.
969 4345 1033 4412 ΙΙ63)
1048 4347 1211 4401 subductis
1229 4351 1336 4404 statur.

424 4437 566 4496 τΝοεοὶο
589 4450 626 4491 an
651 4435 831 4502 imprudens
858 4435 895 4489 M.
920 4435 1040 4490 Greiset
1063 4434 1155 4503 (Hist.
1180 4436 1215 4490 de
1239 4437 1269 4490 la
1290 4436 1364 4494 Litt.
1391 4437 1457 4507 Gr,
1479 4441 1513 4510 V,

389 4542 419 4595 p.
435 4525 499 4597 468)
518 4525 638 4595 dixerit,
654 4529 708 4579 aut
726 4523 844 4578 dixisse
864 4524 1012 4593 videatur,
1035 4526 1150 4580 Romae
1170 4531 1241 4582 ante
1257 4527 1399 4582 exsilium
1424 4543 1513 4584 suum
