3648 5528
387 555 427 615 60
875 573 965 615 error
988 573 1027 613 rr.

387 703 600 776 Carneades
619 703 792 776 omnium
813 723 939 776 rerum
965 702 1079 775 iidem
1104 703 1394 798 veritatemque,
1417 703 1513 777 mix-

387 836 436 910 tis
465 835 709 931 confusisque
754 836 874 930 siguis
907 835 987 908 veri
1022 841 1135 930 atquc
1160 835 1260 925 falsi,
1295 836 1349 910 ita
1384 861 1403 908 (t
1432 837 1510 910 im-

387 969 632 1064 prensibilem
662 995 679 1039 »
706 969 945 1055 (imitaret)
973 969 1094 1042 videri
1118 969 1272 1064 aiebant
1300 976 1343 1043 ut
1368 993 1514 1067 semper

388 1102 428 1175 in
444 1107 646 1197 utramque
661 1109 807 1198 partem
822 1104 1009 1198 disputari
1030 1110 1168 1198 posset.
1198 1104 1304 1193 Quod
1335 1105 1383 1178 ad
1413 1106 1514 1203 Pyr-

389 1237 544 1310 rhonios
564 1243 692 1332 tropos
707 1237 884 1333 pertinet,
895 1239 1000 1311 haud
1020 1239 1195 1334 equidem
1215 1237 1361 1313 infitior
1374 1262 1449 1313 non
1466 1242 1514 1314 ab¹

388 1371 456 1461 eis,
479 1372 545 1445 sed
566 1372 755 1466 posterius
773 1373 823 1445 nh
845 1372 1132 1462 Aenesidemo¹,
1154 1374 1221 1467 qui
1241 1375 1510 1469 Pyrrhoninm,

389 1526 464 1579 non
484 1505 756 1580 Academicum
780 1527 861 1580 sese
885 1507 1147 1600 profitebatur,
1169 1509 1219 1581 ad
1238 1509 1366 1583 decem
1386 1515 1513 1604 tropos

387 1639 560 1712 redactas
588 1661 670 1713 esse
688 1661 824 1714 causas
842 1646 996 1735 propter
1016 1663 1112 1736 quas
1134 1641 1274 1715 indicia
1301 1643 1381 1716 veri
1400 1648 1514 1738 atque

387 1772 473 1844 falsi
494 1772 588 1846 satis
611 1773 774 1848 discerni
794 1795 870 1847 non
894 1779 1048 1868 possent
1068 1779 1105 1847 et
1131 1775 1385 1848 cohibendum
1416 1781 1515 1850 esset

386 1905 587 2000 judicium,
609 1930 686 2001 qua
700 1908 747 1980 de
766 1929 807 1980 re
820 1913 953 2002 postea
967 1907 1108 1981 librum
1134 1908 1285 2003 scripsit
1305 1909 1421 1982 etiam
1441 1910 1513 1983 Fa-

387 2040 558 2114 vorinus.
585 2041 720 2116 Procul
748 2046 877 2115 autem
906 2042 1023 2115 dubio
1044 2048 1102 2115 est
1126 2064 1203 2115 non
1234 2063 1293 2115 res
1321 2043 1513 2117 invenisse

373 2174 698 2265 Aenesidemum,
721 2176 786 2248 sed
804 2175 1031 2270 jamdudum
1051 2176 1133 2250 sine
1157 2176 1289 2250 ordine
1314 2179 1512 2271 congestas

388 2311 654 2382 tantummodo
677 2309 718 2382 in
747 2309 919 2384 ordinem
938 2310 1160 2406 redegisset
1187 2311 1509 2406 quandoquidem,

388 2440 468 2534 iam
487 2443 608 2516 multo
628 2449 731 2534 ante,
753 2443 835 2538 ipse
855 2445 962 2517 Plato
981 2449 1188 2539 negaverat
1206 2445 1324 2518 ullam
1340 2445 1515 2520 sensibus

389 2576 504 2650 tidem
524 2598 605 2666 esse
624 2577 896 2668 adhibendam,
917 2578 1058 2672 quippe
1073 2578 1214 2673 quibus
1232 2579 1375 2653 indicia
1389 2569 1515 2674 cujus·

388 2710 531 2805 querci
550 2716 588 2785 et
608 2711 776 2785 sincerae
792 2711 1039 2806 proprietates
1065 2711 1206 2806 percipi
1228 2734 1305 2785 non
1325 2711 1509 2807 possent³.

389 2843 496 2918 Certe
519 2866 699 2940 maguam
721 2846 981 2940 exemplorum
1007 2845 1156 2940 copiam
1175 2867 1220 2919 ea
1240 2845 1285 2920 de
1314 2868 1354 2919 re
1382 2869 1406 2919 a
1428 2847 1515 2920 Car-

389 2979 509 3052 neade
529 2980 645 3053 luisse
664 2980 852 3074 prolatam
872 2981 974 3076 apud
994 2980 1210 3054 Ciceronem
1235 2981 1515 3076 deprehendere

389 3113 488 3186 licet.
530 3113 634 3202 Quae
662 3135 752 3187 vcro
784 3114 999 3187 Carneades
1018 3120 1158 3188 temere
1191 3137 1236 3188 ac
1271 3114 1352 3188 sine
1385 3116 1515 3189 ordine

390 3246 551 3338 dixerat,
572 3253 704 3342 utpote
730 3248 796 3343 qui
818 3212 1068 3342 extemporali
1096 3249 1320 3345 plerumque
1348 3250 1517 3323 oratione

391 3385 573 3472 uteretur,
591 3381 684 3476 qnid
706 3381 847 3455 mirum
873 3382 904 3454 si
927 3403 973 3455 en
1001 3405 1076 3456 non
1101 3382 1375 3456 Aenesidemus
1390 3384 1514 3474 mode,

390 3535 523 3588 rerum
544 3515 660 3588 etiam
677 3514 903 3606 Favorinus,
921 3538 1034 3611 quem
1049 3516 1228 3589 novimus
1241 3516 1386 3589 ordinis
1400 3516 1517 3590 fnisse

391 3649 617 3738 studiosum,
645 3649 791 3723 ratione
816 3672 860 3722 ac
890 3650 1091 3744 diligenter
1118 3650 1274 3745 redegit,
1309 3650 1513 3745 adjuncta,

391 3787 434 3854 ut
452 3805 522 3877 par
545 3787 639 3873 eret,
662 3784 773 3856 novis
796 3790 833 3856 et
865 3784 1028 3879 propriis
1056 3783 1265 3879 exemplis?
1299 3783 1516 3871 Quinetiam

427 4077 433 4110 ¹
455 4076 540 4144 Diog.
555 4077 598 4144 L,
609 4077 655 4145 lX,
666 4074 701 4130 87
713 4093 719 4146 ;
737 4077 905 4131 Aristocles
920 4077 1013 4144 (apud
1025 4077 1149 4146 Euseb,
1159 4075 1265 4147 Praep.
1278 4093 1330 4144 ev,
1343 4078 1416 4146 XIV,
1428 4090 1515 4146 xvur,
1525 4093 1538 4103 ⁸

390 4162 454 4234 u);
471 4166 539 4220 Sex.
554 4165 735 4234 Empirieus,
754 4164 805 4230 M,
821 4177 875 4234 vu,
895 4165 958 4219 345.

425 4253 436 4286 ⁹
455 4253 520 4311 Vid.
535 4255 568 4308 V.
584 4252 855 4324 B1·ocl1ard,Scept.
871 4253 971 4323 crees,
987 4269 1018 4323 p.
1031 4254 1076 4311 57.

426 4339 436 4373 ³
455 4340 746 4412 ld.,itid.,p.117:
768 4362 781 4393 «
806 4343 913 4398 Platon
939 4345 1110 4413 n’apparalt
1124 4344 1237 4412 jamais
1261 4346 1280 4399 A
1303 4344 1431 4400 Gice'ron
1454 4359 1514 4415 que

390 4443 510 4486 comme
523 4446 563 4486 un
587 4432 766 4502 eremique,
781 4432 801 4486 il
816 4447 855 4487 ne
868 4433 931 4487 voit
943 4447 981 4488 en
997 4433 1039 4488 lui
1054 4448 1115 4504 que
1131 4433 1274 4490 l'homme
1294 4434 1347 4504 qni
1370 4433 1517 4490 diseutait

390 4531 444 4574 sur
455 4523 559 4576 toutes
576 4520 623 4576 les
641 4520 794 4590 opinione,
808 4535 883 4576 sans
899 4535 934 4577 se
947 4535 1122 4590 prononcer
1135 4536 1188 4578 sur
1207 4537 1338 4578 aucune.
1357 4522 1425 4578 »et
1442 4523 1516 4592 (tic,

390 4607 494 4674 dead„
509 4607 595 4678 1‚46;
610 4607 653 4664 De
669 4612 758 4676 orat,
773 4609 823 4678 ΙΙΙ,
839 4609 883 4664 67.
