3648 5528
679 598 716 640 un
737 595 878 641 rivorum
898 595 1072 642 acerrumo.
1405 579 1446 641 69

318 752 397 803 non
420 729 636 803 constitisse
656 750 784 802 secum
803 731 859 817 ut,
882 748 969 800 cum
989 727 1207 822 negavisset
1224 727 1444 822 quicquam,

320 885 368 937 ne
388 863 506 936 solem
533 861 701 956 quidem,
723 860 993 955 comprehendi
1012 882 1134 955 posse,
1160 883 1294 934 rursus
1323 867 1447 942 βεεαίως

320 1027 348 1066 τι
367 998 443 1064 εἶναι
457 1001 586 1084 γνωστὸν
613 997 752 1070 diserte
771 996 1011 1090 concederet,
1030 995 1094 1068 sed
1114 995 1266 1068 videtur
1281 995 1448 1069 Galenus

320 1131 444 1226 magis
462 1131 509 1204 de
523 1130 650 1204 verbis
664 1153 781 1225 quam
796 1130 843 1202 de
861 1130 975 1202 rebus
989 1152 1076 1203 cum
1092 1151 1135 1203 eo
1150 1131 1447 1204 controversiam

321 1267 466 1340 iecisse.
510 1266 744 1359 Reputemus
780 1264 883 1336 enim
927 1263 1144 1336 Ciceronem
1184 1285 1348 1358 quoque,
1377 1264 1448 1337 etsi

322 1399 635 1472 Academicorum
672 1397 913 1492 disciplinam
942 1397 1139 1491 probabat,
1165 1402 1309 1488 tamen,
1350 1420 1451 1472 com-

325 1533 433 1606 muni
467 1532 617 1606 dicendi
649 1553 785 1626 genere
818 1554 946 1621 usum,
977 1531 1024 1605 de
1057 1553 1147 1604 vero
1186 1535 1302 1625 atque
1338 1533 1447 1624 falso,

323 1667 528 1741 stoicorum
549 1687 663 1757 more,
682 1687 958 1759 nonnunquam
980 1665 1175 1759 disputare
1190 1665 1325 1738 videri.
1349 1666 1452 1738 Ani—

324 1801 640 1874 madvertendum
667 1799 783 1872 etiam
818 1804 875 1872 est
900 1798 1026 1893 ipsum
1055 1798 1242 1904 Galenum
1279 1820 1356 1873 non
1393 1800 1451 1873 di-

323 1933 425 2006 xisse
452 1947 603 2021 συγχωρεῖ
620 1933 696 2000 eieci
714 1961 753 2015 τι,
781 1933 846 2005 sed
873 1945 1040 2019 συγχωρεῖν
1057 1932 1168 1998 ἔοικεν1
1176 1982 1244 2001 .....

372 2069 456 2141 Jam
486 2089 575 2140 vero
604 2067 772 2140 solemne
802 2071 896 2157 erat,
926 2088 1012 2138 eum
1047 2066 1254 2140 Academia
1284 2068 1450 2140 mediam

325 2199 519 2296 quandam
540 2201 645 2273 viam
667 2204 824 2287 teneret,
850 2221 1010 2272 nona«
1037 2199 1301 2293 dogmaticis»
1323 2202 1448 2294 modo,
1474 2213 1477 2219 '

325 2336 388 2408 sed
423 2335 541 2408 etiam
574 2357 597 2407 a
631 2334 856 2429 Pyrrhoniis
883 2333 1070 2428 ejusmodi
1099 2333 1184 2407 lites
1213 2334 1451 2409 Academicis

324 2468 484 2544 intendi,
516 2467 688 2561 Namque
714 2467 989 2540 Aenesidemus
1021 2468 1158 2540 aetatis
1189 2489 1280 2542 suae
1308 2470 1452 2542 Acade-

325 2602 442 2674 micos
464 2601 775 2695 reprehendebat,
800 2601 915 2694 quod,
938 2623 1024 2674 eum
1044 2601 1144 2673 nihil
1157 2607 1348 2685 καταληπτὸν
1368 2625 1450 2677 esse

269 2828 274 2837 Ι
324 2736 607 2824 contenderent,
626 2740 753 2806 tamen
770 2735 959 2828 quaedam
979 2741 1165 2821 δογματικῶς
1185 2741 1253 2809 aut
1268 2742 1452 2830 negarent

324 2875 391 2943 aut
422 2869 675 2958 affirmarent,
706 2868 761 2940 ita
797 2872 840 2940 ut
866 2869 933 2941 vix
958 2869 1163 2963 quicquam
1197 2892 1261 2943 eos
1288 2870 1450 2945 interae

326 3004 461 3077 stoicos
486 3002 717 3076 interesset?
742 3003 844 3076 ldem
865 3004 935 3076 hoc
962 3004 1128 3077 maxime
1157 3004 1257 3078 inter
1286 3007 1450 3102 Pyrrho

324 3139 408 3211 nios
427 3144 465 3211 et
496 3137 742 3210 Academicos
770 3136 921 3210 differre
940 3138 1103 3229 dicebat,
1132 3140 1233 3233 quod
1262 3163 1281 3210 «
1307 3140 1450 3214 Acade-

326 3272 414 3345 mici
443 3272 597 3366 quidem
629 3272 754 3365 ipsum
784 3271 878 3344 illud
907 3272 1006 3344 nihil
1034 3294 1143 3366 posse
1181 3276 1449 3369 comprehendi

325 3406 435 3501 quasi
460 3406 823 3500 comprehenderent
849 3410 887 3477 et
907 3405 1005 3477 nihil
1031 3429 1140 3500 posse
1168 3408 1318 3480 decerni
1339 3408 1450 3503 quasi

326 3542 591 3634 decernerent,
632 3538 837 3634 Pyrrhonii
870 3545 996 3612 autem
1032 3563 1079 3613 ne
1112 3541 1150 3612 id
1189 3541 1344 3635 quidem
1373 3543 1450 3616 ullo

326 3680 434 3768 pacto
454 3695 589 3747 verum
608 3673 730 3746 videri
756 3672 938 3764 dicerent,
965 3675 1066 3767 quod
1085 3673 1184 3746 nihil
1215 3697 1296 3748 esse
1315 3697 1449 3750 verum

362 3927 369 3961 ¹
390 3927 499 3994 Neque
514 3937 586 3978 vero
606 3924 705 3977 solum
724 3923 913 3991 Favorinum,
933 3923 988 3977 sed
1010 3923 1153 3977 universe
1169 3924 1359 3979 recentiores
1376 3927 1451 3980 Aca-

327 4016 465 4070 demicos
482 4014 521 4068 oh
534 4015 627 4067 talem
641 4013 875 4080 repugnantiam
890 4012 1106 4080 reprehendit:
1123 4031 1137 4063 <‹
1151 4013 1171 4066 ii
1182 4013 1273 4082 eninr,
1288 4029 1348 4069 non
1364 4017 1450 4070 solus

327 4104 502 4170 Favorinus
527 4115 608 4156 nunc
631 4116 731 4170 usque
756 4116 793 4155 eo
822 4103 995 4169 provehunt
1017 4092 1069 4165 τὴν
1095 4093 1207 4170 ἐποχήν
1231 4105 1266 4155 ut
1289 4118 1327 4158 ne
1352 4105 1449 4159 solem

327 4195 450 4263 quidem
465 4191 684 4259 comprehendi
699 4205 795 4259 posse
809 4191 1006 4259 contendant,
1019 4205 1100 4244 nunc
1113 4205 1213 4259 usque
1228 4205 1265 4245 eo
1289 4183 1341 4257 τὴν
1357 4183 1449 4263 κρίσιν

326 4288 361 4337 ut
372 4282 543 4350 discipulos
553 4282 713 4335 hortentur
728 4281 766 4334 ed
779 4295 847 4334 eam
863 4280 1092 4334 assumendam.
1104 4297 1117 4330 o
1129 4280 1285 4350 (Galenus,
1298 4279 1416 4353 totd.,1;
1428 4283 1450 4351 I,

327 4372 362 4426 to
377 4386 423 4440 sq.
442 4370 492 4440 K.)
504 4370 562 4424 Sed
580 4385 640 4424 non
655 4370 752 4438 liquet
767 4369 1073 4438 quareAcademicos
1091 4369 1210 4436 priores
1234 4350 1450 4441 (παλαιότεροι)

328 4461 426 4528 magis
446 4462 591 4514 constare
614 4458 674 4512 sibi
695 4459 873 4527 contendat,
898 4458 989 4526 quasi
1012 4449 1064 4524 τὴν
1090 4450 1202 4528 ἐποχήν
1230 4459 1307 4514 satis
1338 4461 1453 4516 babue-

329 4551 397 4604 rint.

363 4639 375 4673 ²
394 4638 531 4707 Photius,
547 4635 637 4705 citt,
651 4636 719 4691 cod.
731 4635 794 4706 mn,
806 4651 836 4706 p,
848 4634 918 4690 169¹)
932 4651 979 4705 sq.
991 4636 1039 4691 ed.
1054 4636 1179 4691 Bekker.
