3676 5528
669 581 705 621 ou
728 579 867 623 retronrno
889 581 1070 625 rmcosorno.
1395 571 1433 630 55

307 705 461 798 matres,
479 713 523 781 ut
537 708 717 782 Favorini
738 712 853 785 verbo
877 716 978 801 utar,
996 734 1094 807 quae
1113 736 1137 786 a
1156 718 1296 788 natura
1314 716 1435 812 impe

308 843 381 915 sita
396 863 556 916 munera
574 819 822 917 deserebant?
842 844 967 940 Atque
983 846 1203 922 etiamnunc
1217 848 1435 924 fabularum

309 976 523 1072 scriptores
543 977 610 1072 qui
634 1000 784 1051 morum
803 948 1010 1052 censuram
1020 980 1217 1084 affectant,¹
1246 1007 1333 1057 cum
1347 1021 1349 1026 ·
1362 985 1436 1080 ipsi

308 1132 457 1206 quoque
477 1111 718 1185 immemores
732 1111 945 1200 ciliciorum
962 1119 1103 1188 matres
1117 1116 1433 1214 increpant(nam

309 1245 433 1318 surdis
463 1245 591 1319 irritas
623 1267 734 1319 voces
759 1245 909 1320 misisse
942 1227 1094 1322 videtur
1116 1250 1134 1321 J
1141 1251 1191 1322 .-J
1198 1307 1205 1324 .
1230 1251 1432 1348 Ruiellus)‚

308 1401 431 1474 neque
449 1379 536 1452 aliis
554 1400 678 1475 neque
697 1385 798 1454 certe
815 1381 1110 1475 sapientioribus
1128 1385 1297 1459 consiliis
1312 1391 1436 1460 utun-

309 1517 371 1585 tur
388 1535 505 1607 quam
521 1535 683 1608 quorum
704 1514 918 1587 Favorinus
933 1521 1064 1588 auctor
1078 1517 1215 1591 iuerat.
1234 1518 1328 1605 Quis
1346 1541 1436 1594 vero

309 1648 533 1743 sophistam,
552 1670 627 1720 non
646 1648 917 1743 philosophum
941 1671 1028 1723 eum
1048 1672 1130 1724 esse
1150 1651 1351 1727 crediderit
1370 1656 1436 1749 qui

309 1781 370 1854 vel
398 1781 621 1888 injucunde,
648 1769 854 1854 dummodo
885 1783 996 1856 utilia
1021 1789 1159 1875 essent,
1192 1787 1436 1861 audientibus

209 1983 213 1990 .
309 1914 458 1987 dixit¹l
487 1914 594 2003 Quod
621 1914 715 1987 adeo
743 1914 930 1988 intellexit
958 1917 1113 2008 Gellius,
1136 1942 1210 2012 quo
1239 1927 1436 2014 praesente

309 2050 375 2123 illa
393 2050 527 2123 habita
547 2049 710 2139 luerent,
733 2054 871 2122 utnon
901 2049 980 2144 jam
1005 2054 1255 2127 amoenitates
1282 2033 1436 2129 tantum

309 2185 510 2257 verborum
522 2204 591 2256 nec
604 2182 918 2277 lepidiusdiotum
927 2184 1124 2279 quiddam,
1137 2191 1179 2259 ut
1189 2188 1294 2280 olim,
1308 2211 1434 2264 excer-

308 2323 424 2413 peret,
457 2318 522 2391 sed
546 2317 725 2411 integras,
756 2294 943 2411 quantum
963 2320 1182 2394 meminisse
1201 2322 1337 2416 potuit,
1356 2345 1437 2397 ma·

307 2452 416 2548 gistri
428 2452 650 2544 sententias,
665 2450 880 2525 communis
898 2450 1080 2527 utilitatis
1093 2455 1231 2552 pretio,
1242 2438 1400 2533 referret
1408 2465 1434 2533 ².

358 2588 487 2683 Neque
512 2608 602 2660 vero
629 2585 823 2681 pejoribus
842 2589 1077 2681 argumentis
1099 2589 1312 2666 Favorinus
1333 2615 1437 2666 erro-

309 2745 387 2797 rem
416 2721 611 2796 refellebat
629 2741 759 2794 eorum
784 2721 864 2814 qui,
886 2743 973 2795 oum
1000 2722 1171 2797 bumana
1198 2727 1328 2801 omnic
1355 2749 1438 2801 cae

308 2857 460 2931 lestium
486 2877 615 2929 rerum
639 2854 756 2928 ductu
775 2854 920 2927 moveri
940 2855 1147 2946 crederent,
1173 2858 1437 2951 genethliaco-

310 3014 394 3065 rum
414 2988 623 3063 mendaciis
638 2987 756 3062 finem
770 2989 965 3062 catenant
978 2994 1016 3062 a
1031 2989 1063 3062 si
1081 2990 1145 3084 qui
1162 2991 1228 3063 un
1247 2969 1437 3087 prodigio

259 3110 267 3124 ’
310 3125 361 3198 sis
380 3123 527 3197 artibus
545 3122 676 3195 lutura
700 3121 830 3195 omnia
850 3121 1018 3196 dicturos
1043 3144 1124 3197 sese
1143 3125 1432 3218 pollicebantur.

309 3260 376 3350 Ac,
393 3262 539 3353 quanta
558 3256 597 3330 vi
617 3261 838 3351 quantaque
853 3257 1097 3331 vehementia
1111 3257 1151 3330 in
1174 3283 1192 3329 «
1214 3261 1438 3355 sycophan-

308 3398 368 3467 tas
391 3393 484 3466 istos
512 3416 529 3462 n
558 3391 732 3466 invectus
752 3395 821 3482 est,
844 3391 961 3464 miror
988 3415 1056 3465 cur
1077 3392 1221 3466 Gellius
1250 3393 1436 3468 incertum

308 3526 486 3601 habuerit
507 3530 637 3599 utrum
666 3549 685 3595 «
712 3525 912 3598 exercendi
930 3530 1082 3599 tantum
1103 3525 1246 3620 ingenii
1265 3528 1389 3622 gretia
1415 3554 1434 3601 u

309 3665 439 3734 eontra
458 3681 522 3733 eos
536 3659 757 3732 disseruerit
785 3683 802 3729 n
832 3681 882 3732 an
897 3659 998 3753 quod
1010 3660 1063 3733 ita
1079 3661 1176 3734 serio
1195 3661 1437 3756 judicatoque

309 3793 561 3867 existimaret³
590 3819 625 3885 n,
653 3815 741 3866 cum
761 3793 983 3887 praesertim
1010 3795 1109 3867 idem
1140 3796 1212 3869 sub
1236 3795 1352 3869 linem
1371 3797 1436 3869 di-

310 3933 407 4002 serte
444 3927 583 4001 dixerit
618 3949 706 4001 eum
740 3928 789 4000 ab
821 3927 1022 4023 astrologis
1055 3928 1240 4023 depellere
1269 3929 1435 4003 voluisse

309 4061 568 4135 adulescentes
578 4070 602 4132 ².
626 4060 699 4149 Qui
715 4082 803 4134 curn
818 4061 939 4133 multa
954 4065 991 4134 et
1001 4061 1195 4135 luculenta
1210 4068 1436 4157 argumenta

310 4195 467 4289 protulit
485 4217 582 4289 quae
603 4217 650 4268 ne
665 4216 768 4268 nunc
791 4195 944 4289 quidem
968 4195 1214 4290 physicorum
1235 4196 1346 4291 periti
1366 4196 1435 4268 im-

347 4394 354 4426 ¹
377 4391 418 4447 Cf.
436 4405 540 4460 supra,
556 4406 586 4460 p.
601 4390 637 4444 45
650 4395 681 4446 et
696 4391 765 4445 adn.
781 4389 808 4444 l.

346 4479 358 4514 ²
376 4481 501 4548 ceruus,
517 4478 553 4552 Ν.
566 4479 613 4545 n,
628 4479 690 4548 x11,
704 4491 726 4549 1,
740 4478 784 4533 m.

346 4568 358 4602 ³
376 4570 430 4640 1d.‚
445 4567 530 4637 teia,
542 4569 616 4637 XIV,
628 4581 649 4637 1,
661 4567 687 4622 2.

349 4658 359 4693 ⁴
380 4660 434 4728 Id,
449 4657 534 4725 iota,
551 4658 624 4727 xlv,
645 4670 667 4727 1,
680 4656 716 4710 32
731 4660 763 4712 et
774 4655 819 4710 35.
