3648 5528
408 552 468 612 loz
894 569 987 611 metr
1008 567 1036 610 r.

407 697 1529 796 ingressusp'olkmannnsdocnitinniogene,t'111,5153¹,

406 836 484 907 duo
500 839 680 928 excerpta
703 834 752 906 de
770 833 979 928 Olympieis
1006 833 1189 922 uictoriis
1221 855 1308 905 cum
1341 833 1531 906 artissime

407 969 508 1041 inter
534 989 574 1040 sa
601 968 860 1056 cohaererent,
881 966 1098 1040 foedissime
1129 967 1247 1039 luisse
1274 967 1528 1062 dilacerata2;

408 1103 500 1176 ilem
518 1123 618 1196 quae
635 1124 684 1174 ex
697 1101 886 1173 Favorino
902 1101 950 1172 de
966 1100 1184 1194 Pythagora
1201 1101 1367 1194 quodam
1387 1102 1531 1174 athleta

407 1241 585 1330 excerpta
608 1241 735 1308 essent
760 1236 932 1328 ineptum
964 1235 1006 1304 in
1031 1233 1154 1306 locum
1183 1235 1300 1306 luisse
1325 1235 1528 1324 inculcata,

408 1376 507 1444 oerte
526 1391 602 1443 non
621 1369 670 1442 ad
696 1368 964 1462 philosophum
991 1389 1073 1440 esse
1091 1367 1321 1440 reserarunt
1343 1367 1422 1462 Ego
1441 1390 1531 1440 vero

408 1504 525 1576 simili
553 1503 796 1575 librariorum
814 1523 940 1573 errore
959 1502 1036 1574 duo
1054 1501 1121 1572 illa
1138 1508 1313 1596 excerpta
1330 1503 1371 1574 in
1390 1503 1531 1596 quibus

408 1635 649 1708 Parmenidis
672 1635 749 1706 duo
778 1634 936 1706 inventa
965 1634 1166 1707 feruntur*
1191 1636 1385 1730 disjuncta
1414 1637 1530 1709 luisse
1612 1645 1617 1652 “

407 1770 555 1863 opinor,
585 1790 672 1840 eum
705 1767 928 1861 praesertim
952 1789 1002 1840 ea
1027 1791 1126 1862 quae
1155 1790 1257 1841 nune
1283 1771 1409 1842 media
1441 1775 1531 1842 sunt

407 1905 625 1988 (Καλλίμαχες
648 1909 679 1968 δέ
705 1931 773 1986 φησι
796 1909 836 1984 μὴ
866 1903 943 1968 εἶναι
968 1907 1056 1968 αὑτοῦ
1080 1914 1113 1969 τὲ
1136 1903 1264 1990 ποίημα)
1288 1903 1447 1976 lorsilan
1467 1927 1530 1977 su-

408 2037 620 2132 perioribus
652 2036 780 2108 verbis
815 2037 884 2120 (ul
912 2041 1000 2114 αὖτἐς
1029 2043 1060 2102 δὲ
1089 2039 1134 2103 {ri
1161 2041 1333 2120 ποιημάτων
1362 2045 1529 2124 φιλοσοφεῖ,

409 2170 550 2264 1x‚23)
570 2171 822 2242 adscribenda
840 2170 929 2241 sint.
944 2170 1036 2242 ltem
1056 2192 1154 2264 quae
1173 2192 1275 2243 nuno
1289 2171 1469 2265 leguntur
1483 2172 1528 2263 ll,

294 2299 297 2304 Ι
408 2304 456 2378 39
475 2305 573 2400 (ful
588 2304 681 2398 ⁴ll.):
704 2306 880 2390 Φαέωρῖνες
900 2310 932 2370 δέ
956 2333 1053 2389 φησιν,
1069 2313 1099 2371 ἐν
1119 2315 1161 2390 τῷ
1183 2306 1293 2391 πρώτῳ
1311 2315 1369 2372 τῶν
1393 2307 1530 2389 ἀπομνη-

409 2441 615 2522 μονευμάτων,
633 2445 673 2520 μὴ
694 2438 770 2504 εἶναι
789 2439 886 2520 ἀληθῆ
907 2448 956 2504 τὶν
975 2443 1067 2524 tipo
1088 2454 1139 2505 τοῦ
1160 2441 1374 2524 Πολυκράτου,
1390 2439 1532 2512 adscri-

409 2571 535 2644 benda
561 2570 658 2641 mihi
686 2571 867 2642 ridentur
883 2571 1152 2666 ,superioribus
1179 2572 1332 2644 verbis:
1364 2581 1531 2659 συνέγραψε

410 2713 440 2772 δὲ
455 2715 504 2772 τὶν
523 2710 615 2790 lepor
635 2706 840 2791 Πολυκράτης
855 2715 870 2771 ἑ
886 2715 1021 2790 σεςιστής
1042 2706 1104 2801 (ll,
1121 2705 1199 2800 38),
1219 2711 1404 2800 [anquam
1423 2707 1531 2800 illep-

409 2845 492 2912 tum
512 2839 552 2910 in
571 2839 696 2910 looum
714 2862 739 2910 a
756 2839 923 2912 librariis
941 2839 1144 2912 inculcata.

458 3185 577 3271 Quem
611 3206 701 3257 vero
726 3207 840 3256 usum
859 3206 906 3256 ex
932 3185 1112 3258 Favorini
1145 3184 1323 3279 operibus
1347 3183 1531 3279 Diogenes

409 3318 617 3413 perceperit
630 3318 903 3411 intellegentes,
922 3339 1014 3389 sane
1033 3324 1091 3390 est
1113 3341 1181 3390 eur
1208 3319 1407 3411 lugeamus
1430 3320 1531 3412 quod

409 3474 486 3524 nou
514 3452 663 3544 integra
684 3450 845 3524 vicerint
869 3452 1020 3524 saecule
1032 3453 1057 3522 ⁵.
1089 3451 1262 3545 Namque
1281 3452 1382 3524 inter
1400 3475 1532 3546 opesa

409 3584 598 3658 Favorino
617 3591 815 3679 congestas
832 3607 908 3656 non
927 3585 1060 3657 dubito
1079 3585 1173 3678 quin
1189 3586 1311 3657 multa
1324 3608 1348 3657 a
1367 3584 1532 3680 Diogene

408 3719 674 3815 praetermissa
692 3718 848 3814 plurimi
863 3718 972 3791 nobis
1002 3719 1114 3814 pretii
1140 3720 1269 3792 lutura
1296 3720 1450 3793 luerint.
1478 3719 1531 3794 De

443 4053 450 4086 ¹
473 4051 516 4107 Gl.
534 4063 638 4118 supra,
654 4063 686 4117 p.
705 4047 753 4104 98.

442 4141 454 4176 ²
472 4141 652 4207 Volkmann,
668 4154 716 4207 op.
736 4137 835 4206 laud„
851 4152 921 4204 cap.
938 4149 970 4199 11,
986 4151 1020 4204 p.
1039 4136 1052 4189 l
1069 4151 1120 4204 sq.

442 4235 453 4267 ³
471 4231 527 4298 ld.‚
541 4228 672 4295 ibid.,p.
686 4227 765 4296 3sq.

443 4319 452 4351 ⁴
472 4321 556 4386 Diog.
574 4320 616 4386 L.‚
633 4316 741 4385 lx‚23;
757 4318 799 4371 el.
816 4331 919 4384 snpra,
933 4331 965 4382 p.
980 4316 1015 4368 95
1031 4331 1081 4384 sq.

441 4408 452 4441 ⁵
471 4407 683 4477 Deplorandus
701 4410 751 4460 est
774 4406 866 4460 etiam
885 4409 1013 4460 octavus
1034 4402 1175 4458 Noctium
1192 4403 1364 4458 Atticarum
1378 4405 1465 4474 liber,
1482 4419 1531 4459 cu-

404 4496 454 4564 jus
483 4497 604 4551 duobus
633 4496 662 4548 in
688 4494 831 4562 capitulis
856 4495 970 4547 relatos
994 4494 1064 4547 olim
1088 4492 1187 4548 fuisse
1209 4493 1346 4548 Favorini
1371 4503 1531 4550 sermones

405 4585 505 4640 adhue
519 4591 641 4640 servata
654 4585 798 4639 lemmata
809 4583 841 4646 (ιι
856 4587 887 4636 et
895 4583 958 4652 xiv)
973 4586 1135 4638 testantur.
