3648 5528
657 557 693 598 nn
715 555 848 600 rnvonnu
869 537 1050 621 πολυμαθίᾳ.
1380 533 1417 591 ’Π

343 689 419 763 Nec
431 695 522 762 v'ero
540 689 590 761 ab
604 679 948 782 ejusmodistudiis
961 687 1273 793 abhorrebantea
1292 687 1419 761 studia

294 845 392 917 quae
415 844 519 896 nunc
541 822 696 917 quidem
721 822 954 895 medicorum
970 823 1043 895 arti
1069 822 1255 895 reservari
1282 822 1415 896 solent.

295 958 463 1045 Quorum
497 961 539 1028 ut
568 955 843 1049 peritissimum
883 955 999 1029 luisse
1033 955 1274 1028 Aristotelem
1306 977 1419 1029 nemo

294 1091 426 1181 nescit,
444 1090 499 1163 ita
518 1111 594 1162 non
611 1089 705 1161 adeo
732 1088 932 1182 imperitus
947 1089 1020 1162 luit
1035 1088 1248 1162 Favorinus
1263 1089 1357 1183 quin
1372 1091 1418 1162 de

295 1223 589 1297 medicinarum
614 1222 770 1295 medicis
795 1222 1039 1317 haudinepte
1059 1222 1282 1315 disputaret.
1305 1223 1416 1316 Nam,

295 1381 394 1448 cum,
425 1358 593 1452 quadam
618 1357 691 1446 die,
718 1378 875 1450 aegrum
900 1357 1067 1430 amicum
1098 1357 1262 1448 visisset,
1294 1358 1416 1453 cujus,

297 1516 315 1562 r
338 1513 424 1565 cum
444 1491 606 1564 antehac
620 1512 769 1584 semper
787 1490 929 1563 edundi
956 1490 1091 1564 luisset
1118 1497 1312 1585 appetens,
1335 1497 1419 1586 post

295 1626 521 1720 imperatam
549 1624 716 1697 inediam
750 1624 867 1697 tridui
896 1624 1020 1697 omnis
1050 1625 1233 1720 appetitio
1257 1626 1419 1719 pristina

294 1762 515 1852 elanguerat
534 1782 568 1848 ι),
599 1758 648 1829 ad
673 1757 755 1851 ejus
786 1759 938 1848 lectum,
966 1780 1042 1830 non
1072 1780 1180 1831 secus
1207 1780 1252 1832 ac
1278 1759 1310 1832 si
1339 1761 1419 1854 ipse

295 1893 523 1966 medicinam
549 1895 751 1989 exerceret,
780 1891 896 1984 probe
917 1896 955 1963 et
983 1891 1073 1965 scite
1095 1893 1141 1965 de
1160 1913 1206 1966 ea
1232 1915 1272 1966 re
1286 1893 1419 1989 dispu-

294 2027 391 2100 tavit
406 2048 415 2120 3
433 2047 501 2119 nec
526 2024 608 2096 sine
628 2022 854 2097 auctoritate
887 2023 1175 2118 quidem:na1n
1200 2025 1418 2099 Erasistrati

294 2168 446 2249 διαιρέσεις
466 2158 617 2252 penitus
646 2157 798 2230 novisse
832 2179 871 2230 se
900 2158 1065 2231 ostendit
1081 2162 1105 2230 ¹.
1139 2159 1264 2253 Atque
1298 2161 1419 2234 obiter

294 2293 398 2388 (nam
421 2313 613 2366 sermones
631 2291 747 2364 etiam
767 2313 1000 2383 communes,
1026 2292 1144 2366 Gellio
1163 2298 1271 2384 teste,
1305 2319 1320 2364 ιι
1343 2296 1418 2367 ab-

294 2428 455 2500 ducebat
476 2427 525 2500 ad
544 2447 706 2520 eaquae
727 2425 820 2498 utile
843 2430 942 2498 esset
965 2426 1097 2499 audire
1117 2449 1162 2500 ac
1190 2428 1360 2501 discere²
1380 2431 1416 2522 a)

294 2561 512 2634 valentibus
531 2560 648 2632 etiam
667 2559 871 2650 consuluit,
893 2581 988 2653 quos
1004 2560 1132 2633 docuit
1151 2563 1288 2655 quade
1303 2584 1419 2636 causa

296 2719 315 2766 <‹
342 2694 488 2768 ventris
507 2692 786 2787 compressione
801 2693 1048 2766 esuritionem
1067 2717 1176 2788 posse
1195 2696 1331 2791 depelli
1341 2718 1419 2788 cre-

294 2831 416 2902 ditum
440 2826 566 2901 esset³
591 2851 627 2898 ι).
652 2826 750 2913 Quid
778 2827 880 2920 quod
899 2827 946 2899 de
972 2825 1185 2902 infantibus
1211 2830 1419 2903 educandis

293 2963 479 3058 quasdam
498 2960 593 3033 adeo
618 2960 823 3054 prudentes
845 2959 964 3034 edidit
978 2962 1186 3036 sententias
1204 2969 1248 3037 ut
1262 2985 1310 3037 ne
1324 2986 1420 3038 nos-

294 3101 354 3170 tra
367 3095 521 3190 quidem
540 3098 665 3168 aetate
693 3094 825 3188 peritis
853 3115 984 3168 earum
1008 3117 1135 3169 rerum
1151 3099 1341 3173 obsoletae
1359 3100 1420 3172 vi-

294 3217 503 3303 deanturlt
517 3228 620 3302 Idem
640 3227 864 3302 excelsiores
883 3235 921 3302 et
942 3230 1209 3304 reconditiores
1229 3233 1420 3307 doctrinas

293 3364 437 3458 tetigit3
459 3384 549 3436 nam
568 3361 869 3434 eruditissimum
884 3364 930 3436 de
949 3362 1074 3436 ventis
1088 3363 1244 3458 ejusque
1258 3367 1421 3460 regioni-

295 3500 367 3572 bus
386 3518 611 3586 sermonem,
627 3500 665 3568 ct
683 3517 771 3568 eum
791 3495 944 3591 quidem
961 3496 1203 3588 subitarium,
1225 3521 1311 3572 cum
1332 3522 1421 3574 con-

295 3632 397 3706 vivis
415 3630 604 3724 habuit⁵;
632 3629 737 3702 etin
771 3629 1048 3703 Chaldaeorum
1072 3635 1192 3705 artem
1230 3633 1417 3726 invectus

294 3786 382 3839 cum
410 3762 586 3859 plurimis
618 3768 656 3836 et
673 3762 913 3856 gravissimis
940 3765 1177 3858 argumentis
1217 3788 1310 3840 usus
1347 3774 1417 3860 est,

294 3904 377 3972 tum
405 3898 460 3972 eis
483 3896 684 3993 praecipue
708 3917 806 3990 quae
833 3897 938 3969 haud
965 3900 1217 3992 spernendam
1231 3906 1420 3975 astrorum

331 4233 340 4266 ¹
362 4231 487 4300 Gellius,
502 4229 539 4284 N.
550 4229 596 4297 A„
613 4229 687 4299 XVI,
699 4240 745 4297 111,
759 4227 814 4282 1-4.

331 4319 342 4354 ²
361 4320 416 4390 ld,
435 4318 519 4389 ibid,
540 4318 588 4388 IV,
604 4329 625 4387 1,
640 4316 685 4371 19.

331 4407 341 4441 ³
361 4410 416 4478 ld.‚
435 4407 519 4473 ieta,
542 4407 616 4477 XVI,
631 4418 677 4477 111,
692 4407 718 4460 4.

331 4499 341 4534 ⁴
360 4499 415 4570 ld,
436 4498 521 4564 ibid,
541 4498 604 4569 llll,
624 4510 645 4553 1.
664 4497 706 4553 Gl.
722 4511 826 4567 supra,
841 4511 869 4565 p.
883 4495 919 4550 53
935 4511 1008 4566 sqq.

331 4591 415 4660 ⁵1d.‚
436 4587 520 4654 ibid„
542 4588 578 4657 ll,
599 4599 676 4642 xxn.
