3676 5528
693 605 728 646 oc
751 602 1096 647 mvomrorunosorao.
1420 585 1457 645 n

334 763 350 809 o
380 742 587 831 utrumque
613 739 778 830 tempus,
800 735 906 808 nulla
937 735 1163 809 discretione
1183 736 1297 827 lacte,
1321 734 1461 809 coniu-

331 872 449 946 disset
478 896 516 963 n,
532 875 647 964 atque
662 869 740 942 alia
753 891 917 962 quoque,
941 867 1031 941 dum
1055 869 1239 942 aemulari
1261 892 1347 942 oum
1368 870 1459 943 Pin-

331 1007 422 1080 daro
449 1010 622 1094 conatur,
654 1027 671 1073 u
700 1023 825 1076 orasse
863 1007 900 1075 et
933 1003 1134 1076 immodice
1162 1029 1181 1075 »
1209 1004 1460 1098 congessisset

331 1164 375 1214 ac
403 1165 421 1210 «
449 1143 632 1213 vacanter
654 1143 769 1232 atque
794 1137 961 1211 inaniter
987 1163 1006 1210 n
1034 1139 1348 1212 accumulasset¹.
1388 1139 1459 1226 Qui

331 1297 379 1348 ne
391 1273 559 1367 Vergilio
572 1272 727 1366 quidem
747 1271 859 1344 licere
877 1272 1137 1346 arbitrabatur
1157 1273 1196 1344 in
1217 1273 1345 1346 sonitu
1365 1278 1460 1346 stre-

331 1410 489 1504 pituque
521 1408 725 1480 verborum
758 1405 1015 1500 conquirendo
1043 1407 1217 1480 laborare
1249 1430 1294 1480 ao
1338 1408 1460 1502 poetis

331 1545 408 1615 non
434 1541 544 1614 modo
578 1539 833 1612 mediocribus
860 1561 954 1629 esse,
987 1541 1051 1612 sed
1085 1539 1200 1612 etiam
1234 1563 1257 1613 a
1299 1541 1460 1615 veritate

331 1677 521 1749 discedere
547 1695 769 1748 conoessum
798 1695 879 1747 esse
917 1676 1094 1768 negabat,
1131 1697 1208 1747 non
1234 1676 1374 1748 mirum
1403 1681 1461 1749 est

332 1812 364 1884 si
405 1811 505 1883 idem
533 1810 667 1882 acerbe
696 1813 810 1902 alque
847 1808 1093 1882 inclementer
1126 1809 1245 1882 irrisit
1279 1809 1459 1904 juvenem

331 1945 522 2039 quendam
551 1968 571 2014 c
599 1947 771 2016 veterum
791 1944 996 2016 verborum
1016 1943 1307 2037 cupidissimum
1328 1949 1365 2018 et
1384 1946 1461 2039 ple-

332 2101 470 2173 rasque
499 2099 610 2151 voces
639 2077 754 2149 nimis
780 2077 924 2171 priscos
955 2082 992 2150 et
1020 2078 1169 2172 ignotas
1193 2078 1233 2150 in
1259 2080 1461 2152 cotidianis

333 2211 676 2305 communibusque
703 2211 942 2284 sermonibus
957 2217 1241 2305 expromentem
1272 2238 1304 2303 n,
1334 2218 1371 2286 et
1404 2214 1460 2286 Ia-

333 2351 412 2419 oete
433 2347 608 2417 hortatus
630 2349 700 2435 est,
724 2345 756 2417 si
780 2345 874 2418 scire
895 2350 1011 2439 atque
1031 2345 1248 2440 intellegere
1267 2347 1459 2421 neminem

333 2479 448 2553 vellet
471 2501 571 2572 quae
594 2478 674 2571 ipse
697 2478 851 2570 dIceret,
877 2482 921 2550 ut
946 2479 1073 2573 potius
1093 2484 1259 2552 taceret:
1285 2481 1339 2553 sio
1358 2481 1460 2554 enim

332 2611 681 2686 certiusetIacilius
693 2613 794 2706 quod
807 2611 878 2684 sibi
894 2617 1458 2706 proponeretconseouturum2.

334 2747 440 2835 Quod
459 2747 613 2841 quidem
636 2767 836 2820 commune
859 2752 941 2820 erat
970 2747 1107 2820 vitium
1130 2747 1212 2842 ejus
1240 2749 1376 2822 aetatis
1395 2751 1469 2823 ho-·

334 2882 496 2968 minum,
520 2880 586 2975 qui
610 2881 786 2974 vulgario
811 2881 961 2954 dicendi
988 2904 1129 2975 genera
1157 2889 1341 2977 tanquam
1375 2907 1461 2957 sor--

334 3016 423 3089 dida
433 3016 663 3109 respuebant
677 3020 715 3088 et
729 3016 958 3109 exquisitius
972 3017 1155 3110 quiddam
1171 3019 1457 3112 requirebant³z

334 3172 423 3222 nam
444 3155 572 3223 vetera
587 3156 624 3222 et
642 3150 811 3223 obsoleto
830 3173 1028 3244 usurpare,
1046 3173 1091 3224 ca
1109 3174 1260 3247 quoque
1278 3176 1378 3226 nova
1400 3154 1461 3226 di-

335 3284 443 3358 cendi
474 3284 570 3358 ratio
597 3288 666 3358 est.
698 3283 913 3358 Favorinus
942 3290 1085 3375 autem,
1121 3307 1208 3359 cum
1237 3309 1460 3382 perversum

372 3577 381 3614 ¹
402 3579 526 3648 Gellius,
540 3577 576 3634 N.
592 3577 638 3647 A„
653 3580 740 3647 XVII,
753 3592 785 3634 x.
797 3579 1009 3632 arbitrabatur
1024 3583 1128 3636 autem
1146 3581 1282 3634 ultimam
1297 3583 1399 3636 limam
1414 3586 1460 3640 eis

335 3669 478 3724 versibus
502 3669 650 3737 defuisse,
664 3672 705 3737 et,
722 3668 781 3722 nisi
802 3682 884 3722 mors
901 3669 1134 3737 praevertisset,
1149 3672 1384 3726 retractatorum
1405 3688 1460 3728 eos

337 3759 433 3813 luisse
446 3759 620 3827 Vergilium,
635 3757 829 3812 subtilissimi
845 3757 958 3824 Ingenii
970 3759 1066 3812 virum
1081 3758 1147 3827 (Id,
1159 3758 1243 3828 ibid,
1255 3762 1357 3830 XVIII,
1371 3777 1400 3830 x,
1414 3763 1456 3829 8).

336 3846 419 3902 Idem
432 3861 492 3902 non
506 3847 635 3915 putabat
645 3847 682 3900 M.
694 3846 1003 3915 Tullium‚verborum
1014 3848 1168 3902 bominem
1180 3848 1459 3921 diligentissimum,

305 4003 312 4015 ι
336 3936 418 3991 inani
441 3940 472 3990 et
494 3937 618 4004 illepide
637 3935 845 4003 geminatione
857 3936 1034 4003 jnnctnrum
1048 3936 1145 3991 luisse
1158 3936 1316 3991 irraoubios
1330 3944 1362 3994 et
1375 3957 1461 4010 proo-

337 4025 417 4094 dom,
434 4026 460 4080 si
476 4026 536 4080 duo
552 4027 628 4080 haec
644 4026 738 4080 verba
751 4025 832 4079 idem
846 4026 1056 4092 significarent
1078 4040 1179 4095 ncque
1201 4027 1263 4081 ulla
1281 4043 1313 4082 re
1333 4030 1462 4086 disside-

338 4119 406 4170 rent
417 4115 484 4184 (ld,
500 4113 585 4182 ibid„
598 4114 674 4182 XIII,
688 4127 761 4182 xxv,
775 4114 792 4166 4
804 4130 810 4182 ;
827 4115 864 4168 cI.
879 4129 982 4181 supra,
994 4129 1023 4182 p.
1037 4114 1093 4182 38).
1109 4117 1215 4185 Neque
1229 4132 1300 4171 vcro
1314 4119 1462 4174 credebat

337 4205 513 4273 aSaIlustio‚
522 4203 725 4258 subtilissimo
736 4203 896 4264 breVItatiS
909 4205 1036 4273 artifice,
1044 4206 1316 4263 circumlocutione
1328 4211 1460 4277 quadam

338 4297 461 4364 poetica
480 4296 621 4364 potuisse
637 4295 698 4349 dici
713 4294 871 4348 avarniam
886 4309 990 4362 corpus
1006 4293 1200 4366 anianumque
1214 4297 1332 4352 virilem
1348 4300 1462 4353 eIIemi-

338 4401 421 4456 nare,
436 4385 463 4440 si
477 4388 596 4439 tantum
609 4384 712 4439 dicere
727 4384 878 4438 voluisset
899 4382 1052 4441 bonitatem
1070 4386 1197 4440 avantia
1217 4389 1372 4456 corrumpi
1388 4389 1460 4458 (Id,

339 4474 402 4529 ibid
416 4519 423 4544 ,
437 4475 487 4543 III,
502 4487 522 4543 ι,
535 4473 578 4540 5).
970 4521 989 4532 ..

375 4563 386 4597 2
404 4565 458 4633 Id,
470 4562 554 4633 itia,
571 4564 639 4632 I,x;
653 4563 690 4616 cI.
706 4563 782 4631 VIII,
800 4575 860 4630 xiv,
878 4564 978 4618 lemm.
1165 4617 1168 4624 ,

375 4654 385 4688 ³
403 4654 445 4714 CI.
459 4654 483 4710 J.
500 4653 647 4723 BrenouS,
663 4651 705 4705 De
720 4651 894 4724 Phrynicho
910 4650 1056 4723 attitiae,
1072 4668 1102 4726 p.
1118 4653 1153 4710 66
1164 4669 1214 4724 sq.
