3676 5528
391 527 420 568 lv
865 527 1032 572 emeseno.

391 656 596 730 Marresius
615 657 750 730 leviter
761 657 1072 753 praestrinxerat,
1095 657 1176 758 sira
1195 659 1235 730 in
1252 666 1513 768 remnostram

390 791 606 885 adsumptis
635 791 667 864 si
691 813 802 886 quae,
824 790 970 865 abillis
997 791 1116 865 doctis
1139 792 1234 865 viris
1257 797 1400 888 postea,
1421 795 1514 868 dum

390 924 496 998 aliud
516 930 649 1019 agunt,
676 931 837 1021 reperta,
859 924 909 998 ad
932 924 1113 999 Favorini
1133 925 1273 1021 scripta
1294 926 1514 1022 dngantius

390 1057 582 1131 noscenda
614 1057 791 1131 nonnihil
817 1058 985 1132 conterre
1013 1062 1185 1152 possunt.
1212 1056 1308 1132 Nam
1332 1058 1512 1154 primum,

391 1191 598 1285 separatim
631 1190 830 1286 descriptis
866 1191 948 1265 vita
985 1191 1152 1266 hominis
1180 1197 1218 1265 et
1249 1192 1400 1284 studiis,
1437 1215 1514 1266 non

391 1325 584 1420 quaesivit
612 1325 815 1399 Marrasius
848 1347 942 1400 num
970 1324 1074 1399 vitae
1102 1325 1184 1421 ejus
1214 1331 1322 1399 tenor
1342 1331 1380 1400 et
1406 1327 1515 1401 varia

391 1459 519 1533 studia
542 1458 767 1554 cognatione
797 1459 966 1554 quadam
991 1457 1196 1554 conjuncta
1228 1465 1391 1534 essent:
1427 1483 1514 1536 cum

391 1614 480 1667 vero
510 1591 729 1666 Philostrati
758 1598 796 1666 et
822 1592 931 1666 Gellii
951 1592 1170 1666 testimonia
1198 1593 1298 1667 inter
1329 1615 1410 1668 sese
1437 1616 1514 1668 non

389 1727 544 1824 quidem
577 1731 760 1822 pugnent,
801 1731 900 1800 certe
933 1748 1009 1799 non
1039 1727 1152 1821 plane
1188 1731 1412 1821 congruant,
1448 1728 1514 1801 sed

388 1862 670 1957 quadamtenus
708 1861 934 1955 discrepant,
972 1860 1027 1935 ita
1056 1866 1099 1933 ut
1131 1861 1180 1934 ad
1217 1862 1312 1934 duos
1340 1861 1514 1936 diversae

390 1995 529 2068 indolis
552 1994 728 2068 homines
752 1993 941 2088 pertinere
969 1994 1186 2085 videantur,
1215 1994 1374 2068 forsitan
1399 2018 1516 2091 quae-

389 2150 471 2202 rero
489 2127 662 2202 futurum
683 2128 733 2201 sit
746 2127 1058 2224 operaepretium
1078 2150 1171 2201 num
1185 2128 1399 2202 Favorinus
1413 2151 1514 2203 unus

390 2284 538 2357 semper
564 2267 603 2336 et
629 2261 730 2336 idem
752 2261 867 2336 fuerit
894 2267 932 2335 et
959 2261 1031 2335 sihi
1051 2268 1232 2356 perpetuo
1260 2262 1472 2338 constiterit
1501 2288 1510 2338 ε

390 2397 479 2471 inde
497 2396 614 2470 etiam
643 2395 770 2469 nescio
790 2417 841 2470 an
861 2395 1113 2489 grammatica
1132 2396 1272 2486 studia,
1293 2418 1514 2491 quanquam

390 2530 515 2625 prima
539 2530 579 2603 in
600 2528 723 2602 fronte
747 2551 771 2603 a
799 2529 979 2602 Marrasio
1010 2527 1148 2622 posita,
1183 2529 1310 2625 aptius
1336 2534 1451 2623 atque
1474 2531 1514 2603 in

390 2663 543 2738 meliore
562 2663 707 2736 lumine
725 2661 898 2737 collocari
918 2661 1077 2755 possint,
1102 2665 1286 2756 tanquam
1308 2684 1356 2736 cx
1374 2663 1460 2736 aliis
1479 2633 1517 2738 ct

389 2796 658 2870 excelsioribus
669 2796 806 2869 studiis
820 2781 1085 2890 dependentia.
1099 2795 1191 2869 ltem
1206 2797 1252 2870 de
1266 2795 1322 2870 cis
1336 2796 1515 2870 Favorini

390 2930 527 3004 studiis
553 2951 650 3024 quac
677 2930 727 3004 ad
754 2929 1035 3024 philosophiam
1065 2935 1180 3024 atquc
1209 2931 1258 3003 ad
1288 2930 1516 3004 Academiae

389 3063 630 3157 disciplinam
656 3067 828 3157 spectant
853 3084 945 3136 sane
964 3064 1120 3137 uberius
1143 3085 1259 3157 quam
1288 3086 1312 3137 a
1337 3063 1516 3138 Marrasio

390 3196 534 3271 tactum
553 3200 610 3270 ost
625 3197 759 3270 disseri
779 3219 888 3290 possa
908 3196 1082 3270 arbitrati
1100 3219 1244 3270 sumus.

439 3331 583 3404 Deinde
614 3353 661 3404 ex
696 3330 817 3424 ipsius
846 3330 1026 3404 Favorini
1059 3330 1236 3425 operibus
1273 3330 1371 3404 nihil
1409 3330 1515 3404 aliud

390 3488 507 3559 quam
533 3465 672 3559 exigna
698 3468 847 3538 exstare
866 3465 989 3537 frusta
1015 3464 1078 3538 ille
1098 3464 1355 3538 existimabat.
1379 3465 1516 3552 Quan-

390 3621 506 3693 quam
546 3599 648 3671 enim
686 3598 951 3672 Corinthiaoae
990 3598 1190 3688 orationis,
1230 3598 1345 3693 vulgo
1383 3597 1515 3671 Dionis

390 3732 544 3805 nomine
571 3732 788 3826 inscriptae,
809 3729 999 3804 Favorino
1025 3731 1296 3805 adscribendae
1315 3731 1514 3828 Emperius

390 3869 522 3938 auotor
539 3863 676 3957 tuerat,
694 3869 823 3938 tamen
838 3865 892 3937 ita
908 3864 1076 3938 modeste
1090 3869 1127 3938 et
1145 3864 1365 3938 dubitanter
1383 3886 1517 3959 quam-

390 3999 450 4072 vis
481 3999 696 4093 prohabiles
724 4020 859 4072 causas
886 4003 1133 4092 proposuerat
1154 4003 1198 4071 ut
1227 3998 1445 4090 Marrasins,
1477 4021 1516 4072 re

388 4134 524 4208 leviter
548 4133 785 4229 praestricta,
808 4131 975 4204 infirmis
1002 4132 1238 4227 argumentis
1259 4132 1341 4227 ejus
1363 4133 1517 4228 opinio-

389 4290 476 4341 nem
506 4267 673 4340 relcllcrc
700 4266 793 4339 satis
830 4267 1000 4339 haberet.
1031 4267 1134 4354 Quae
1155 4289 1243 4340 oum
1265 4266 1517 4339 nihilominus

389 4401 583 4474 nonnullis
602 4404 732 4495 postea
746 4399 928 4491 arriserit,
946 4401 1070 4473 denuo
1090 4400 1294 4494 repetenda
1307 4399 1393 4473 visa
1407 4399 1517 4474 nobis

389 4534 561 4629 quaestio
587 4538 656 4624 est,
691 4533 723 4606 si
745 4533 817 4628 ipsi
846 4554 982 4606 causas
1005 4533 1257 4627 reperiremus
1278 4553 1346 4606 cur
1371 4532 1518 4607 truncis
