3676 5528
387 520 426 580 58
877 539 967 580 cnrtr
989 539 1028 578 rr.

389 667 518 741 milius
548 668 773 764 Pyrrhouiis
805 669 963 763 quidam
991 670 1282 743 adscribendum
1311 693 1391 743 esse
1423 693 1509 744 eum

388 802 564 874 arbitrati
584 808 688 891 suut,
709 802 801 896 quia
821 803 1074 876 Philostratus
1093 805 1237 877 rettulit
1256 804 1338 898 ejus
1356 827 1510 899 operum

388 958 487 1030 quae
498 937 548 1009 ad
562 936 844 1034 philosophiam
856 937 1089 1030 pertinerent
1097 937 1512 1031 praestantissimaesse

390 1071 622 1166 Pyrrhonia¹
647 1091 657 1163 3
687 1070 828 1143 clarius
856 1093 900 1142 ac
927 1071 1106 1143 disertius
1133 1071 1282 1144 dixerat
1304 1071 1445 1144 Gellius
1468 1071 1513 1144 de

390 1204 692 1300 Pyrrhoniorum
705 1203 908 1298 disciplina
927 1205 1160 1277 Favorinum
1181 1205 1427 1277 subtilissime
1459 1210 1515 1278 at-

389 1360 464 1433 que
483 1337 728 1432 argutissime
746 1337 875 1411 decem
896 1338 1012 1410 libros
1031 1338 1299 1432 composuisse,
1316 1360 1410 1432 quos
1430 1339 1515 1425 Πυρ-

392 1480 520 1560 ρωνείων
540 1477 657 1559 reiron
678 1472 933 1566 inscripsisset
946 1475 972 1544 ³.
996 1473 1047 1545 At
1063 1472 1169 1545 nullo
1187 1473 1268 1545 loco
1287 1494 1408 1566 neque
1429 1471 1515 1544 Phi-

391 1607 574 1679 lostratus
611 1617 734 1700 neque
769 1605 914 1679 Gellius
951 1607 1050 1679 d'nrit
1082 1606 1322 1679 Aenesidemi
1351 1604 1513 1699 placitis,

391 1761 505 1832 quem
525 1740 693 1833 primum
707 1740 754 1811 de
774 1739 1000 1834 Pyrrhoniis
1019 1740 1137 1834 tropis
1155 1738 1350 1833 scripsisse
1376 1738 1515 1810 librum

391 1879 429 1946 et
454 1874 707 1946 recentiorum
737 1883 901 1940 σκεπτικῶν
930 1894 1012 1947 esse
1043 1874 1177 1947 ducem
1204 1872 1321 1945 ferme
1352 1876 1513 1962 constat,

392 2029 592 2080 assensum
612 2029 694 2080 esse
709 2007 955 2080 Favorinum.
976 2007 1122 2101 Siquis
1140 2012 1268 2080 autem
1289 2005 1515 2079 Academiae

392 2162 480 2213 eum
510 2140 776 2231 vindicaverit,
799 2141 967 2235 propius,
997 2147 1040 2214 ut
1068 2141 1215 2236 opinor,
1236 2162 1325 2213 vero
1348 2140 1513 2213 accedet.

394 2275 477 2369 lpse
492 2274 595 2347 enim
620 2274 890 2348 Academicum
911 2296 992 2348 sese
1019 2275 1181 2365 dicebat,
1204 2275 1266 2348 vel
1292 2274 1418 2368 potius
1444 2272 1517 2346 dici

393 2407 623 2502 patiebatur.
646 2407 744 2480 Nam
763 2408 946 2502 primum,
968 2431 1055 2481 cum
1084 2431 1108 2480 a
1130 2408 1400 2504 jurisconsulto
1425 2406 1519 2480 Cae-

393 2541 481 2614 cilio
500 2542 755 2636 iuterrogatus
774 2547 873 2615 esset
891 2542 986 2637 quid
1011 2542 1058 2615 de
1085 2542 1403 2616 decemviralibus
1429 2540 1520 2635 legi-

395 2677 468 2748 bus
481 2675 686 2770 judicaret:
708 2701 724 2744 u
743 2675 840 2766 Noli,
859 2676 1057 2769 iuquit,ex
1072 2699 1132 2749 me
1145 2697 1326 2769 quaerere
1339 2675 1433 2770 quid
1451 2697 1519 2770 ego

394 2809 633 2883 existimem:
664 2809 738 2882 scis
752 2811 856 2884 enim
876 2810 1030 2883 solitum
1045 2833 1127 2884 esse
1146 2833 1221 2901 me,
1238 2833 1305 2904 pro
1318 2809 1522 2904 disciplina

395 2947 518 3017 sectae
532 2963 648 3038 quam
661 2943 959 3038 colo,inquirere
973 2943 1100 3038 potius
1114 2965 1232 3038 quam
1246 2938 1474 3017 decernere³.
1500 2966 1517 3010 n

395 3075 540 3162 Quibus
559 3076 685 3150 verbis
699 3077 791 3171 quid
807 3076 1088 3171 significaretur
1102 3077 1212 3150 facile
1231 3077 1419 3151 intellexit
1428 3077 1516 3150 Gae-

395 3209 518 3302 cilius,
536 3209 603 3305 qui
621 3209 677 3283 ita
694 3211 890 3305 respondit
911 3234 919 3282 :
952 3234 970 3280 «
993 3210 1067 3284 Sed
1086 3233 1227 3305 quaeso
1246 3215 1371 3284 tecum
1392 3215 1519 3283 tamen

395 3345 613 3439 degrediare
643 3323 837 3439 paulisper
871 3345 1070 3418 curriculis
1101 3344 1184 3418 istis
1218 3323 1520 3440 disputationum

397 3485 610 3552 vestrarum
630 3475 904 3557 Academicis‘.
938 3505 954 3548 o
983 3479 1090 3566 Quod
1115 3481 1169 3553 ita
1196 3480 1271 3554 dici
1296 3501 1373 3553 non
1401 3501 1521 3573 aequo

396 3612 525 3685 auimo
546 3613 754 3703 tolerasset,
777 3613 853 3686 sia
885 3613 1110 3708 Pyrrhoniis
1138 3603 1335 3708 stetisset,
1359 3634 1449 3686 nam
1475 3634 1523 3685 ex

396 3769 471 3839 quo
487 3746 761 3820 Aenesidemus
780 3747 828 3821 ab
849 3746 1056 3820 Academia
1069 3748 1295 3837 desciverat,
1317 3745 1522 3843 Pyrrhonii

397 3879 578 3953 conlundi
594 3902 674 3954 sese
689 3903 764 3954 non
784 3882 1030 3976 patiebantur
1048 3903 1134 3956 cum
1157 3880 1408 3971 Academicis,
1429 3884 1522 3953 tau—

435 4226 441 4258 ¹
462 4225 678 4295 Philostratus,
699 4225 727 4281 V.
745 4225 788 4296 S,
805 4228 948 4297 l‚v1u,6.

432 4311 444 4346 ²
462 4314 587 4384 Gellius,
600 4312 637 4368 N.
653 4314 699 4383 A,
714 4317 763 4385 xl,
777 4329 806 4386 v,
817 4316 843 4372 5.

433 4400 517 4472 ³ra,
533 4401 616 4470 aaa,
630 4405 690 4474 xx,
704 4417 725 4474 1,
742 4403 769 4459 9.
1111 4439 1113 4442 -

434 4489 444 4523 ⁴
462 4491 517 4562 ld,
528 4490 613 4560 iota,
627 4493 687 4562 xx,
700 4506 721 4562 1,
734 4493 779 4548 al.
791 4493 833 4549 Gt.
845 4493 981 4565 Luciam,
994 4493 1159 4560 Eua.,vll:
1177 4485 1226 4546 καί
1239 4506 1284 4556 τις
1297 4477 1522 4561 Ἀκαδημαϊκὸς

399 4565 538 4650 εὒνοῡχος
559 4572 593 4632 ἐκ
613 4567 752 4648 Κελτῶν,
774 4572 874 4652 ὀλίγον
891 4573 949 4654 πρὸ
964 4577 1048 4651 ἡμῶν
1065 4571 1274 4652 εὐδοκιμήσας.
