<?xml version="1.0" encoding="UTF-8"?>
<!DOCTYPE html PUBLIC "-//W3C//DTD XHTML 1.0 Transitional//EN"
    "http://www.w3.org/TR/xhtml1/DTD/xhtml1-transitional.dtd">
<html xmlns="http://www.w3.org/1999/xhtml" xml:lang="en" lang="en">
 <head>
  <title>
</title>
<meta http-equiv="Content-Type" content="text/html;charset=utf-8" />
  <meta name='ocr-system' content='tesseract 3.04.00' />
  <meta name='ocr-capabilities' content='ocr_page ocr_carea ocr_par ocr_line ocrx_word'/>
</head>
<body>
  <div class='ocr_page' id='page_1' title='image "./defavoriniarela00colagoog_0090.png"; bbox 0 0 3648 5528; ppageno 0'>
   <div class='ocr_carea' id='block_1_1' title="bbox 671 557 1434 618">
    <p class='ocr_par' dir='ltr' id='par_1_1' title="bbox 671 557 1434 618">
     <span class='ocr_line' id='line_1_1' title="bbox 671 557 1434 618; baseline 0.003 -2"><span class='ocrx_word' id='word_1_1' title='bbox 671 576 707 616; x_wconf 84' lang='lat' dir='ltr'><strong>on</strong></span> <span class='ocrx_word' id='word_1_2' title='bbox 730 573 869 618; x_wconf 78' lang='lat' dir='ltr'><strong>rlvomuo</strong></span> <span class='ocrx_word' id='word_1_3' title='bbox 890 573 1063 618; x_wconf 72' lang='lat' dir='ltr'><strong>saloninoo.</strong></span> <span class='ocrx_word' id='word_1_4' title='bbox 1394 557 1434 618; x_wconf 79' lang='lat'><strong>65</strong></span> 
     </span>
    </p>
   </div>
   <div class='ocr_carea' id='block_1_2' title="bbox 306 703 1526 4143">
    <p class='ocr_par' dir='ltr' id='par_1_2' title="bbox 306 703 1526 4143">
     <span class='ocr_line' id='line_1_2' title="bbox 309 703 1431 799; baseline -0.003 -18"><span class='ocrx_word' id='word_1_5' title='bbox 309 730 392 781; x_wconf 89' lang='lat' dir='ltr'><strong>ram</strong></span> <span class='ocrx_word' id='word_1_6' title='bbox 412 710 450 780; x_wconf 91' lang='lat' dir='ltr'><strong>et</strong></span> <span class='ocrx_word' id='word_1_7' title='bbox 463 710 636 779; x_wconf 87' lang='lat' dir='ltr'><strong>exactam</strong></span> <span class='ocrx_word' id='word_1_8' title='bbox 656 704 861 799; x_wconf 88' lang='lat' dir='ltr'><strong>aequitatis</strong></span> <span class='ocrx_word' id='word_1_9' title='bbox 881 704 1001 798; x_wconf 89' lang='lat' dir='ltr'><strong>legem</strong></span> <span class='ocrx_word' id='word_1_10' title='bbox 1015 724 1155 798; x_wconf 91' lang='lat' dir='ltr'><strong>ponere</strong></span> <span class='ocrx_word' id='word_1_11' title='bbox 1173 703 1282 795; x_wconf 90' lang='lat' dir='ltr'><strong>velis,</strong></span> <span class='ocrx_word' id='word_1_12' title='bbox 1304 703 1431 778; x_wconf 90' lang='lat' dir='ltr'><strong>viden·</strong></span> 
     </span>
     <span class='ocr_line' id='line_1_3' title="bbox 309 836 1436 935; baseline -0.002 -22"><span class='ocrx_word' id='word_1_13' title='bbox 309 846 373 913; x_wconf 93' lang='lat' dir='ltr'><strong>tur</strong></span> <span class='ocrx_word' id='word_1_14' title='bbox 399 839 483 935; x_wconf 89' lang='lat' dir='ltr'><strong>pari</strong></span> <span class='ocrx_word' id='word_1_15' title='bbox 510 838 593 933; x_wconf 87' lang='lat' dir='ltr'><strong>jure</strong></span> <span class='ocrx_word' id='word_1_16' title='bbox 622 837 724 911; x_wconf 90' lang='lat' dir='ltr'><strong>veris</strong></span> <span class='ocrx_word' id='word_1_17' title='bbox 745 837 950 932; x_wconf 80' lang='lat' dir='ltr'>probisque</span> <span class='ocrx_word' id='word_1_18' title='bbox 976 836 1110 910; x_wconf 91' lang='lat' dir='ltr'><strong>amicis</strong></span> <span class='ocrx_word' id='word_1_19' title='bbox 1138 836 1335 911; x_wconf 90' lang='lat' dir='ltr'><strong>habendos</strong></span> <span class='ocrx_word' id='word_1_20' title='bbox 1353 859 1436 911; x_wconf 91' lang='lat' dir='ltr'><strong>esse</strong></span> 
     </span>
     <span class='ocr_line' id='line_1_4' title="bbox 308 971 1436 1067; baseline 0 -21"><span class='ocrx_word' id='word_1_21' title='bbox 308 974 537 1047; x_wconf 77' lang='lat' dir='ltr'><strong>dissidentes</strong></span> <span class='ocrx_word' id='word_1_22' title='bbox 556 972 712 1066; x_wconf 80' lang='lat' dir='ltr'><strong>fratres3</strong></span> <span class='ocrx_word' id='word_1_23' title='bbox 735 971 949 1044; x_wconf 83' lang='lat' dir='ltr'><strong>Favorinus</strong></span> <span class='ocrx_word' id='word_1_24' title='bbox 969 976 1098 1045; x_wconf 90' lang='lat' dir='ltr'><strong>autem</strong></span> <span class='ocrx_word' id='word_1_25' title='bbox 1114 971 1306 1045; x_wconf 92' lang='lat' dir='ltr'><strong>interdum</strong></span> <span class='ocrx_word' id='word_1_26' title='bbox 1326 994 1436 1067; x_wconf 92' lang='lat' dir='ltr'><strong>opor-</strong></span> 
     </span>
     <span class='ocr_line' id='line_1_5' title="bbox 309 1104 1432 1199; baseline -0.001 -19"><span class='ocrx_word' id='word_1_27' title='bbox 309 1113 387 1181; x_wconf 91' lang='lat' dir='ltr'><strong>tere</strong></span> <span class='ocrx_word' id='word_1_28' title='bbox 401 1107 662 1181; x_wconf 88' lang='lat' dir='ltr'><strong>arbitrabatur</strong></span> <span class='ocrx_word' id='word_1_29' title='bbox 671 1105 810 1178; x_wconf 90' lang='lat' dir='ltr'><strong>alteros</strong></span> <span class='ocrx_word' id='word_1_30' title='bbox 828 1105 867 1176; x_wconf 94' lang='lat' dir='ltr'><strong>in</strong></span> <span class='ocrx_word' id='word_1_31' title='bbox 888 1104 1047 1178; x_wconf 90' lang='lat' dir='ltr'><strong>alteram</strong></span> <span class='ocrx_word' id='word_1_32' title='bbox 1061 1110 1207 1199; x_wconf 90' lang='lat' dir='ltr'><strong>partem</strong></span> <span class='ocrx_word' id='word_1_33' title='bbox 1227 1105 1432 1198; x_wconf 77' lang='lat' dir='ltr'><strong>discedere,</strong></span> 
     </span>
     <span class='ocr_line' id='line_1_6' title="bbox 309 1239 1435 1336; baseline -0.003 -20"><span class='ocrx_word' id='word_1_34' title='bbox 309 1265 383 1336; x_wconf 92' lang='lat' dir='ltr'><strong>quo</strong></span> <span class='ocrx_word' id='word_1_35' title='bbox 399 1241 536 1314; x_wconf 90' lang='lat' dir='ltr'><strong>melius</strong></span> <span class='ocrx_word' id='word_1_36' title='bbox 558 1265 574 1311; x_wconf 84' lang='lat' dir='ltr'><strong>o</strong></span> <span class='ocrx_word' id='word_1_37' title='bbox 598 1239 702 1313; x_wconf 87' lang='lat' dir='ltr'><strong>viam</strong></span> <span class='ocrx_word' id='word_1_38' title='bbox 717 1239 789 1313; x_wconf 92' lang='lat' dir='ltr'><strong>sibi</strong></span> <span class='ocrx_word' id='word_1_39' title='bbox 809 1239 858 1313; x_wconf 94' lang='lat' dir='ltr'><strong>ad</strong></span> <span class='ocrx_word' id='word_1_40' title='bbox 878 1239 1078 1333; x_wconf 89' lang='lat' dir='ltr'><strong>utriusque</strong></span> <span class='ocrx_word' id='word_1_41' title='bbox 1092 1241 1333 1313; x_wconf 89' lang='lat' dir='ltr'><strong>concordiam</strong></span> <span class='ocrx_word' id='word_1_42' title='bbox 1348 1263 1435 1313; x_wconf 93' lang='lat' dir='ltr'><strong>mu-</strong></span> 
     </span>
     <span class='ocr_line' id='line_1_7' title="bbox 309 1371 1436 1469; baseline -0.001 -22"><span class='ocrx_word' id='word_1_43' title='bbox 309 1376 457 1449; x_wconf 83' lang='lat' dir='ltr'><strong>nirent¹</strong></span> <span class='ocrx_word' id='word_1_44' title='bbox 473 1399 507 1446; x_wconf 84' lang='grc'><strong>».</strong></span> <span class='ocrx_word' id='word_1_45' title='bbox 527 1373 602 1446; x_wconf 85' lang='lat' dir='ltr'><strong>Sed</strong></span> <span class='ocrx_word' id='word_1_46' title='bbox 616 1373 743 1446; x_wconf 91' lang='lat' dir='ltr'><strong>nescio</strong></span> <span class='ocrx_word' id='word_1_47' title='bbox 762 1394 813 1446; x_wconf 88' lang='lat' dir='ltr'><strong>an</strong></span> <span class='ocrx_word' id='word_1_48' title='bbox 833 1371 939 1445; x_wconf 92' lang='lat' dir='ltr'><strong>ineis</strong></span> <span class='ocrx_word' id='word_1_49' title='bbox 958 1394 1057 1467; x_wconf 90' lang='lat' dir='ltr'><strong>quae</strong></span> <span class='ocrx_word' id='word_1_50' title='bbox 1077 1372 1201 1468; x_wconf 88' lang='lat' dir='ltr'><strong>adjus</strong></span> <span class='ocrx_word' id='word_1_51' title='bbox 1221 1373 1333 1447; x_wconf 89' lang='lat' dir='ltr'><strong>civile</strong></span> <span class='ocrx_word' id='word_1_52' title='bbox 1350 1396 1436 1469; x_wconf 92' lang='lat' dir='ltr'><strong>per-</strong></span> 
     </span>
     <span class='ocr_line' id='line_1_8' title="bbox 310 1507 1526 1602; baseline -0.001 -20"><span class='ocrx_word' id='word_1_53' title='bbox 310 1510 433 1583; x_wconf 91' lang='lat' dir='ltr'><strong>tinent</strong></span> <span class='ocrx_word' id='word_1_54' title='bbox 458 1507 610 1602; x_wconf 92' lang='lat' dir='ltr'><strong>planius</strong></span> <span class='ocrx_word' id='word_1_55' title='bbox 636 1507 751 1580; x_wconf 91' lang='lat' dir='ltr'><strong>etiam</strong></span> <span class='ocrx_word' id='word_1_56' title='bbox 767 1511 950 1601; x_wconf 78' lang='lat' dir='ltr'><strong>appareat</strong></span> <span class='ocrx_word' id='word_1_57' title='bbox 968 1528 1084 1600; x_wconf 91' lang='lat' dir='ltr'><strong>quam</strong></span> <span class='ocrx_word' id='word_1_58' title='bbox 1109 1512 1222 1581; x_wconf 88' lang='lat' dir='ltr'><strong>cauta</strong></span> <span class='ocrx_word' id='word_1_59' title='bbox 1236 1508 1434 1602; x_wconf 87' lang='lat' dir='ltr'><strong>judicandi</strong></span> <span class='ocrx_word' id='word_1_60' title='bbox 1517 1583 1526 1600; x_wconf 70' lang='grc'>,</span> 
     </span>
     <span class='ocr_line' id='line_1_9' title="bbox 309 1639 1436 1730; baseline -0.002 -14"><span class='ocrx_word' id='word_1_61' title='bbox 309 1643 454 1716; x_wconf 90' lang='lat' dir='ltr'><strong>ratione</strong></span> <span class='ocrx_word' id='word_1_62' title='bbox 469 1645 653 1715; x_wconf 89' lang='lat' dir='ltr'><strong>uteretur.</strong></span> <span class='ocrx_word' id='word_1_63' title='bbox 666 1640 837 1712; x_wconf 89' lang='lat' dir='ltr'><strong>Primum</strong></span> <span class='ocrx_word' id='word_1_64' title='bbox 854 1639 970 1730; x_wconf 90' lang='lat' dir='ltr'><strong>enim,</strong></span> <span class='ocrx_word' id='word_1_65' title='bbox 993 1662 1080 1713; x_wconf 92' lang='lat' dir='ltr'><strong>cum</strong></span> <span class='ocrx_word' id='word_1_66' title='bbox 1100 1641 1436 1715; x_wconf 87' lang='lat' dir='ltr'><strong>animadvertisset</strong></span> 
     </span>
     <span class='ocr_line' id='line_1_10' title="bbox 309 1773 1434 1871; baseline 0.004 -25"><span class='ocrx_word' id='word_1_67' title='bbox 309 1776 499 1871; x_wconf 89' lang='lat' dir='ltr'><strong>plerisque</strong></span> <span class='ocrx_word' id='word_1_68' title='bbox 513 1773 824 1848; x_wconf 87' lang='lat' dir='ltr'><strong>decemviralium</strong></span> <span class='ocrx_word' id='word_1_69' title='bbox 844 1773 971 1867; x_wconf 89' lang='lat' dir='ltr'><strong>legum</strong></span> <span class='ocrx_word' id='word_1_70' title='bbox 989 1773 1068 1867; x_wconf 87' lang='lat' dir='ltr'><strong>jam</strong></span> <span class='ocrx_word' id='word_1_71' title='bbox 1083 1775 1266 1869; x_wconf 90' lang='lat' dir='ltr'><strong>populum</strong></span> <span class='ocrx_word' id='word_1_72' title='bbox 1287 1775 1434 1850; x_wconf 89' lang='lat' dir='ltr'><strong>Roma-</strong></span> 
     </span>
     <span class='ocr_line' id='line_1_11' title="bbox 310 1906 1431 2002; baseline 0.001 -21"><span class='ocrx_word' id='word_1_73' title='bbox 310 1931 403 1982; x_wconf 91' lang='lat' dir='ltr'><strong>num</strong></span> <span class='ocrx_word' id='word_1_74' title='bbox 426 1907 617 1981; x_wconf 80' lang='lat' dir='ltr'><strong>destitisse</strong></span> <span class='ocrx_word' id='word_1_75' title='bbox 649 1907 720 1997; x_wconf 92' lang='lat' dir='ltr'><strong>uti,</strong></span> <span class='ocrx_word' id='word_1_76' title='bbox 745 1906 973 2001; x_wconf 82' lang='lat' dir='ltr'><strong>approbavit</strong></span> <span class='ocrx_word' id='word_1_77' title='bbox 994 1907 1147 1980; x_wconf 85' lang='lat' dir='ltr'><strong>Caecilii</strong></span> <span class='ocrx_word' id='word_1_78' title='bbox 1174 1929 1398 2002; x_wconf 89' lang='lat' dir='ltr'><strong>responsum</strong></span> <span class='ocrx_word' id='word_1_79' title='bbox 1423 1933 1431 1982; x_wconf 91' lang='lat'><strong>:</strong></span> 
     </span>
     <span class='ocr_line' id='line_1_12' title="bbox 313 2039 1436 2135; baseline 0.004 -23"><span class='ocrx_word' id='word_1_80' title='bbox 313 2066 331 2112; x_wconf 80' lang='lat' dir='ltr'><strong>a</strong></span> <span class='ocrx_word' id='word_1_81' title='bbox 351 2040 434 2114; x_wconf 91' lang='lat' dir='ltr'><strong>Non</strong></span> <span class='ocrx_word' id='word_1_82' title='bbox 447 2041 550 2114; x_wconf 93' lang='lat' dir='ltr'><strong>enim</strong></span> <span class='ocrx_word' id='word_1_83' title='bbox 565 2040 731 2134; x_wconf 87' lang='lat' dir='ltr'><strong>prolecto</strong></span> <span class='ocrx_word' id='word_1_84' title='bbox 751 2039 905 2134; x_wconf 86' lang='lat' dir='ltr'><strong>ignoras</strong></span> <span class='ocrx_word' id='word_1_85' title='bbox 929 2039 1055 2134; x_wconf 93' lang='lat' dir='ltr'><strong>legum</strong></span> <span class='ocrx_word' id='word_1_86' title='bbox 1075 2042 1379 2135; x_wconf 82' lang='lat' dir='ltr'><strong>opportunitates</strong></span> <span class='ocrx_word' id='word_1_87' title='bbox 1397 2049 1436 2117; x_wconf 93' lang='lat' dir='ltr'><strong>et</strong></span> 
     </span>
     <span class='ocr_line' id='line_1_13' title="bbox 309 2173 1436 2269; baseline -0.001 -22"><span class='ocrx_word' id='word_1_88' title='bbox 309 2175 503 2265; x_wconf 81' lang='lat' dir='ltr'><strong>medellas,</strong></span> <span class='ocrx_word' id='word_1_89' title='bbox 524 2196 592 2268; x_wconf 90' lang='lat' dir='ltr'><strong>pro</strong></span> <span class='ocrx_word' id='word_1_90' title='bbox 608 2178 820 2267; x_wconf 90' lang='lat' dir='ltr'><strong>temporum</strong></span> <span class='ocrx_word' id='word_1_91' title='bbox 839 2173 1010 2246; x_wconf 89' lang='lat' dir='ltr'><strong>moribus</strong></span> <span class='ocrx_word' id='word_1_92' title='bbox 1024 2179 1062 2246; x_wconf 92' lang='lat' dir='ltr'><strong>et</strong></span> <span class='ocrx_word' id='word_1_93' title='bbox 1082 2195 1150 2267; x_wconf 94' lang='lat' dir='ltr'><strong>pro</strong></span> <span class='ocrx_word' id='word_1_94' title='bbox 1165 2195 1292 2246; x_wconf 89' lang='lat' dir='ltr'><strong>rerum</strong></span> <span class='ocrx_word' id='word_1_95' title='bbox 1311 2175 1436 2269; x_wconf 92' lang='lat' dir='ltr'><strong>publi-</strong></span> 
     </span>
     <span class='ocr_line' id='line_1_14' title="bbox 308 2306 1435 2403; baseline 0 -22"><span class='ocrx_word' id='word_1_96' title='bbox 308 2331 438 2382; x_wconf 89' lang='lat' dir='ltr'><strong>carum</strong></span> <span class='ocrx_word' id='word_1_97' title='bbox 452 2307 655 2403; x_wconf 88' lang='lat' dir='ltr'><strong>generibus</strong></span> <span class='ocrx_word' id='word_1_98' title='bbox 665 2328 710 2380; x_wconf 92' lang='lat' dir='ltr'><strong>ac</strong></span> <span class='ocrx_word' id='word_1_99' title='bbox 724 2329 792 2401; x_wconf 90' lang='lat' dir='ltr'><strong>pro</strong></span> <span class='ocrx_word' id='word_1_100' title='bbox 806 2306 1018 2379; x_wconf 83' lang='lat' dir='ltr'><strong>utilitatum</strong></span> <span class='ocrx_word' id='word_1_101' title='bbox 1033 2307 1292 2401; x_wconf 89' lang='lat' dir='ltr'><strong>praesentium</strong></span> <span class='ocrx_word' id='word_1_102' title='bbox 1310 2309 1435 2381; x_wconf 91' lang='lat' dir='ltr'><strong>ratio-</strong></span> 
     </span>
     <span class='ocr_line' id='line_1_15' title="bbox 308 2440 1435 2537; baseline 0.002 -23"><span class='ocrx_word' id='word_1_103' title='bbox 308 2442 422 2516; x_wconf 91' lang='lat' dir='ltr'><strong>nibus</strong></span> <span class='ocrx_word' id='word_1_104' title='bbox 437 2463 581 2537; x_wconf 89' lang='lat' dir='ltr'><strong>proque</strong></span> <span class='ocrx_word' id='word_1_105' title='bbox 592 2440 772 2514; x_wconf 90' lang='lat' dir='ltr'><strong>vitiorum</strong></span> <span class='ocrx_word' id='word_1_106' title='bbox 793 2440 934 2535; x_wconf 89' lang='lat' dir='ltr'><strong>quibus</strong></span> <span class='ocrx_word' id='word_1_107' title='bbox 950 2441 1178 2514; x_wconf 88' lang='lat' dir='ltr'><strong>medendum</strong></span> <span class='ocrx_word' id='word_1_108' title='bbox 1197 2448 1255 2516; x_wconf 90' lang='lat' dir='ltr'><strong>est</strong></span> <span class='ocrx_word' id='word_1_109' title='bbox 1268 2443 1435 2516; x_wconf 81' lang='lat' dir='ltr'><strong>fervori-</strong></span> 
     </span>
     <span class='ocr_line' id='line_1_16' title="bbox 308 2574 1434 2669; baseline 0 -19"><span class='ocrx_word' id='word_1_110' title='bbox 308 2578 392 2667; x_wconf 87' lang='lat' dir='ltr'><strong>bus,</strong></span> <span class='ocrx_word' id='word_1_111' title='bbox 423 2576 565 2649; x_wconf 89' lang='lat' dir='ltr'><strong>mutari</strong></span> <span class='ocrx_word' id='word_1_112' title='bbox 579 2580 694 2668; x_wconf 90' lang='lat' dir='ltr'><strong>atque</strong></span> <span class='ocrx_word' id='word_1_113' title='bbox 713 2574 828 2666; x_wconf 79' lang='lat' dir='ltr'><strong>flecti,</strong></span> <span class='ocrx_word' id='word_1_114' title='bbox 857 2595 979 2669; x_wconf 90' lang='lat' dir='ltr'><strong>neque</strong></span> <span class='ocrx_word' id='word_1_115' title='bbox 999 2596 1075 2647; x_wconf 93' lang='lat' dir='ltr'><strong>uno</strong></span> <span class='ocrx_word' id='word_1_116' title='bbox 1095 2580 1198 2648; x_wconf 90' lang='lat' dir='ltr'><strong>statu</strong></span> <span class='ocrx_word' id='word_1_117' title='bbox 1231 2577 1434 2651; x_wconf 81' lang='lat' dir='ltr'><strong>consistere</strong></span> 
     </span>
     <span class='ocr_line' id='line_1_17' title="bbox 307 2708 1433 2806; baseline 0.002 -22"><span class='ocrx_word' id='word_1_118' title='bbox 307 2711 413 2806; x_wconf 91' lang='lat' dir='ltr'><strong>quin,</strong></span> <span class='ocrx_word' id='word_1_119' title='bbox 431 2716 476 2784; x_wconf 85' lang='lat' dir='ltr'><strong>ut</strong></span> <span class='ocrx_word' id='word_1_120' title='bbox 490 2710 606 2783; x_wconf 88' lang='lat' dir='ltr'><strong>lacios</strong></span> <span class='ocrx_word' id='word_1_121' title='bbox 620 2709 714 2782; x_wconf 88' lang='lat' dir='ltr'><strong>caeli</strong></span> <span class='ocrx_word' id='word_1_122' title='bbox 728 2708 904 2800; x_wconf 90' lang='lat' dir='ltr'><strong>etmaris,</strong></span> <span class='ocrx_word' id='word_1_123' title='bbox 924 2708 1114 2782; x_wconf 88' lang='lat' dir='ltr'><strong>itarerum</strong></span> <span class='ocrx_word' id='word_1_124' title='bbox 1125 2715 1240 2805; x_wconf 87' lang='lat' dir='ltr'><strong>atque</strong></span> <span class='ocrx_word' id='word_1_125' title='bbox 1258 2711 1433 2786; x_wconf 81' lang='lat' dir='ltr'><strong>fortunae</strong></span> 
     </span>
     <span class='ocr_line' id='line_1_18' title="bbox 308 2841 1433 2940; baseline 0.001 -23"><span class='ocrx_word' id='word_1_126' title='bbox 308 2842 598 2939; x_wconf 89' lang='lat' dir='ltr'><strong>tempestatibus</strong></span> <span class='ocrx_word' id='word_1_127' title='bbox 626 2841 859 2916; x_wconf 71' lang='lat' dir='ltr'><strong>varientur2.</strong></span> <span class='ocrx_word' id='word_1_128' title='bbox 894 2867 913 2913; x_wconf 88' lang='lat'>»</span> <span class='ocrx_word' id='word_1_129' title='bbox 953 2842 1096 2916; x_wconf 87' lang='lat' dir='ltr'><strong>Deinde</strong></span> <span class='ocrx_word' id='word_1_130' title='bbox 1133 2865 1235 2935; x_wconf 88' lang='lat' dir='ltr'><strong>oum,</strong></span> <span class='ocrx_word' id='word_1_131' title='bbox 1266 2845 1433 2940; x_wconf 89' lang='lat' dir='ltr'><strong>quadam</strong></span> 
     </span>
     <span class='ocr_line' id='line_1_19' title="bbox 307 2975 1435 3074; baseline 0.004 -25"><span class='ocrx_word' id='word_1_132' title='bbox 307 2977 382 3068; x_wconf 90' lang='lat' dir='ltr'><strong>die,</strong></span> <span class='ocrx_word' id='word_1_133' title='bbox 409 2977 566 3068; x_wconf 79' lang='lat' dir='ltr'><strong>GelliuS,</strong></span> <span class='ocrx_word' id='word_1_134' title='bbox 591 2975 799 3050; x_wconf 90' lang='lat' dir='ltr'><strong>admodum</strong></span> <span class='ocrx_word' id='word_1_135' title='bbox 826 2975 992 3070; x_wconf 81' lang='lat' dir='ltr'><strong>juvenis,</strong></span> <span class='ocrx_word' id='word_1_136' title='bbox 1013 2998 1037 3049; x_wconf 92' lang='lat' dir='ltr'><strong>a</strong></span> <span class='ocrx_word' id='word_1_137' title='bbox 1055 2978 1295 3071; x_wconf 91' lang='lat' dir='ltr'><strong>praetoribus</strong></span> <span class='ocrx_word' id='word_1_138' title='bbox 1314 2979 1355 3051; x_wconf 90' lang='lat' dir='ltr'><strong>in</strong></span> <span class='ocrx_word' id='word_1_139' title='bbox 1373 2979 1435 3074; x_wconf 88' lang='lat' dir='ltr'><strong>ju-</strong></span> 
     </span>
     <span class='ocr_line' id='line_1_20' title="bbox 306 3110 1433 3206; baseline 0.002 -22"><span class='ocrx_word' id='word_1_140' title='bbox 306 3111 408 3186; x_wconf 91' lang='lat' dir='ltr'><strong>dices</strong></span> <span class='ocrx_word' id='word_1_141' title='bbox 428 3116 510 3185; x_wconf 91' lang='lat' dir='ltr'><strong>tum</strong></span> <span class='ocrx_word' id='word_1_142' title='bbox 529 3110 696 3206; x_wconf 94' lang='lat' dir='ltr'><strong>primum</strong></span> <span class='ocrx_word' id='word_1_143' title='bbox 716 3110 848 3199; x_wconf 91' lang='lat' dir='ltr'><strong>lectus,</strong></span> <span class='ocrx_word' id='word_1_144' title='bbox 869 3133 888 3180; x_wconf 81' lang='lat' dir='ltr'><strong>a</strong></span> <span class='ocrx_word' id='word_1_145' title='bbox 905 3110 944 3181; x_wconf 89' lang='lat' dir='ltr'><strong>in</strong></span> <span class='ocrx_word' id='word_1_146' title='bbox 962 3110 1266 3204; x_wconf 85' lang='lat' dir='ltr'><strong>inexplicabilem</strong></span> <span class='ocrx_word' id='word_1_147' title='bbox 1282 3118 1433 3187; x_wconf 91' lang='lat' dir='ltr'><strong>senten-</strong></span> 
     </span>
     <span class='ocr_line' id='line_1_21' title="bbox 307 3243 1433 3340; baseline 0.002 -21"><span class='ocrx_word' id='word_1_148' title='bbox 307 3245 383 3319; x_wconf 91' lang='lat' dir='ltr'><strong>tiae</strong></span> <span class='ocrx_word' id='word_1_149' title='bbox 416 3243 660 3340; x_wconf 86' lang='lat' dir='ltr'><strong>reperiendae</strong></span> <span class='ocrx_word' id='word_1_150' title='bbox 699 3243 989 3336; x_wconf 85' lang='lat' dir='ltr'><strong>ambiguitatem</strong></span> <span class='ocrx_word' id='word_1_151' title='bbox 1024 3268 1043 3315; x_wconf 80' lang='grc'><strong>1)</strong></span> <span class='ocrx_word' id='word_1_152' title='bbox 1080 3244 1275 3321; x_wconf 89' lang='lat' dir='ltr'><strong>incidisset</strong></span> <span class='ocrx_word' id='word_1_153' title='bbox 1310 3253 1348 3320; x_wconf 92' lang='lat' dir='ltr'><strong>et</strong></span> <span class='ocrx_word' id='word_1_154' title='bbox 1384 3249 1433 3321; x_wconf 94' lang='lat' dir='ltr'><strong>ad</strong></span> 
     </span>
     <span class='ocr_line' id='line_1_22' title="bbox 307 3378 1432 3473; baseline 0.003 -20"><span class='ocrx_word' id='word_1_155' title='bbox 307 3401 395 3453; x_wconf 93' lang='lat' dir='ltr'><strong>eum</strong></span> <span class='ocrx_word' id='word_1_156' title='bbox 424 3400 504 3452; x_wconf 90' lang='lat' dir='ltr'><strong>rem</strong></span> <span class='ocrx_word' id='word_1_157' title='bbox 534 3378 756 3468; x_wconf 88' lang='lat' dir='ltr'><strong>rettulisset,</strong></span> <span class='ocrx_word' id='word_1_158' title='bbox 787 3399 865 3449; x_wconf 92' lang='lat' dir='ltr'><strong>non</strong></span> <span class='ocrx_word' id='word_1_159' title='bbox 892 3378 1004 3450; x_wconf 92' lang='lat' dir='ltr'><strong>modo</strong></span> <span class='ocrx_word' id='word_1_160' title='bbox 1029 3402 1047 3447; x_wconf 80' lang='lat' dir='ltr'><strong>a</strong></span> <span class='ocrx_word' id='word_1_161' title='bbox 1078 3379 1298 3473; x_wconf 85' lang='lat' dir='ltr'><strong>religionem</strong></span> <span class='ocrx_word' id='word_1_162' title='bbox 1326 3381 1432 3455; x_wconf 90' lang='lat' dir='ltr'><strong>illam</strong></span> 
     </span>
     <span class='ocr_line' id='line_1_23' title="bbox 307 3511 1430 3610; baseline 0.001 -21"><span class='ocrx_word' id='word_1_163' title='bbox 307 3514 563 3589; x_wconf 88' lang='lat' dir='ltr'><strong>cunctationis</strong></span> <span class='ocrx_word' id='word_1_164' title='bbox 593 3519 631 3587; x_wconf 95' lang='lat' dir='ltr'><strong>et</strong></span> <span class='ocrx_word' id='word_1_165' title='bbox 667 3511 933 3586; x_wconf 87' lang='lat' dir='ltr'><strong>sollicitudinis</strong></span> <span class='ocrx_word' id='word_1_166' title='bbox 963 3537 982 3584; x_wconf 87' lang='lat'>»</span> <span class='ocrx_word' id='word_1_167' title='bbox 1014 3513 1125 3587; x_wconf 88' lang='lat' dir='ltr'><strong>valde</strong></span> <span class='ocrx_word' id='word_1_168' title='bbox 1154 3517 1430 3610; x_wconf 87' lang='lat' dir='ltr'><strong>comprobavit,</strong></span> 
     </span>
     <span class='ocr_line' id='line_1_24' title="bbox 307 3645 1433 3742; baseline 0.002 -22"><span class='ocrx_word' id='word_1_169' title='bbox 307 3649 373 3732; x_wconf 90' lang='lat' dir='ltr'><strong>sed</strong></span> <span class='ocrx_word' id='word_1_170' title='bbox 396 3647 476 3742; x_wconf 89' lang='lat' dir='ltr'><strong>ipse</strong></span> <span class='ocrx_word' id='word_1_171' title='bbox 496 3646 594 3719; x_wconf 91' lang='lat' dir='ltr'><strong>ultro</strong></span> <span class='ocrx_word' id='word_1_172' title='bbox 615 3646 736 3719; x_wconf 89' lang='lat' dir='ltr'><strong>multa</strong></span> <span class='ocrx_word' id='word_1_173' title='bbox 755 3645 831 3717; x_wconf 90' lang='lat' dir='ltr'><strong>alia</strong></span> <span class='ocrx_word' id='word_1_174' title='bbox 850 3646 1025 3739; x_wconf 89' lang='lat' dir='ltr'><strong>exempla</strong></span> <span class='ocrx_word' id='word_1_175' title='bbox 1039 3647 1158 3720; x_wconf 86' lang='lat' dir='ltr'><strong>Gellio</strong></span> <span class='ocrx_word' id='word_1_176' title='bbox 1176 3648 1374 3742; x_wconf 89' lang='lat' dir='ltr'><strong>proposuit</strong></span> <span class='ocrx_word' id='word_1_177' title='bbox 1393 3649 1433 3722; x_wconf 92' lang='lat' dir='ltr'><strong>in</strong></span> 
     </span>
     <span class='ocr_line' id='line_1_25' title="bbox 307 3779 1434 3876; baseline 0.001 -22"><span class='ocrx_word' id='word_1_178' title='bbox 307 3782 448 3876; x_wconf 87' lang='lat' dir='ltr'><strong>quibus</strong></span> <span class='ocrx_word' id='word_1_179' title='bbox 485 3780 628 3874; x_wconf 86' lang='lat' dir='ltr'><strong>ambigi</strong></span> <span class='ocrx_word' id='word_1_180' title='bbox 651 3784 801 3874; x_wconf 90' lang='lat' dir='ltr'><strong>poterat</strong></span> <span class='ocrx_word' id='word_1_181' title='bbox 824 3779 874 3851; x_wconf 87' lang='lat' dir='ltr'><strong>ab</strong></span> <span class='ocrx_word' id='word_1_182' title='bbox 898 3783 986 3852; x_wconf 91' lang='lat' dir='ltr'><strong>utra</strong></span> <span class='ocrx_word' id='word_1_183' title='bbox 1017 3785 1124 3873; x_wconf 90' lang='lat' dir='ltr'><strong>parte</strong></span> <span class='ocrx_word' id='word_1_184' title='bbox 1150 3786 1266 3855; x_wconf 91' lang='lat' dir='ltr'><strong>staret</strong></span> <span class='ocrx_word' id='word_1_185' title='bbox 1298 3781 1359 3876; x_wconf 86' lang='lat' dir='ltr'><strong>jus</strong></span> <span class='ocrx_word' id='word_1_186' title='bbox 1397 3788 1434 3855; x_wconf 92' lang='lat' dir='ltr'><strong>et</strong></span> 
     </span>
     <span class='ocr_line' id='line_1_26' title="bbox 308 3911 1433 4010; baseline 0.003 -23"><span class='ocrx_word' id='word_1_187' title='bbox 308 3914 400 4010; x_wconf 90' lang='lat' dir='ltr'><strong>quid</strong></span> <span class='ocrx_word' id='word_1_188' title='bbox 424 3919 523 3987; x_wconf 88' lang='lat' dir='ltr'><strong>osset</strong></span> <span class='ocrx_word' id='word_1_189' title='bbox 548 3911 771 4008; x_wconf 75' lang='lat' dir='ltr'><strong>agendum3.</strong></span> <span class='ocrx_word' id='word_1_190' title='bbox 796 3912 952 3985; x_wconf 81' lang='lat' dir='ltr'><strong>&#39;lalibus</strong></span> <span class='ocrx_word' id='word_1_191' title='bbox 985 3913 1088 3985; x_wconf 91' lang='lat' dir='ltr'><strong>enim</strong></span> <span class='ocrx_word' id='word_1_192' title='bbox 1119 3914 1433 4009; x_wconf 88' lang='lat' dir='ltr'><strong>inquisitionibus</strong></span> 
     </span>
     <span class='ocr_line' id='line_1_27' title="bbox 308 4045 1434 4143; baseline 0.002 -22"><span class='ocrx_word' id='word_1_193' title='bbox 308 4048 579 4138; x_wconf 88' lang='lat' dir='ltr'><strong>delectabatur,</strong></span> <span class='ocrx_word' id='word_1_194' title='bbox 602 4089 649 4098; x_wconf 97' lang='lat'><strong>—</strong></span> <span class='ocrx_word' id='word_1_195' title='bbox 672 4047 774 4141; x_wconf 92' lang='lat' dir='ltr'><strong>qnod</strong></span> <span class='ocrx_word' id='word_1_196' title='bbox 802 4045 865 4119; x_wconf 90' lang='lat' dir='ltr'><strong>vel</strong></span> <span class='ocrx_word' id='word_1_197' title='bbox 892 4067 935 4119; x_wconf 91' lang='lat' dir='ltr'><strong>eo</strong></span> <span class='ocrx_word' id='word_1_198' title='bbox 968 4051 1073 4140; x_wconf 91' lang='lat' dir='ltr'><strong>patet</strong></span> <span class='ocrx_word' id='word_1_199' title='bbox 1104 4049 1206 4142; x_wconf 93' lang='lat' dir='ltr'><strong>quod</strong></span> <span class='ocrx_word' id='word_1_200' title='bbox 1233 4055 1434 4143; x_wconf 90' lang='lat' dir='ltr'><strong>praecepta</strong></span> 
     </span>
    </p>
   </div>
   <div class='ocr_carea' id='block_1_3' title="bbox 307 4439 774 4689">
    <p class='ocr_par' dir='ltr' id='par_1_3' title="bbox 307 4439 774 4689">
     <span class='ocr_line' id='line_1_28' title="bbox 307 4439 774 4512; baseline 0.004 -20"><span class='ocrx_word' id='word_1_201' title='bbox 307 4479 313 4492; x_wconf 88' lang='lat'><em>.</em></span> <span class='ocrx_word' id='word_1_202' title='bbox 346 4441 353 4477; x_wconf 88' lang='lat'><strong>¹</strong></span> <span class='ocrx_word' id='word_1_203' title='bbox 375 4441 500 4510; x_wconf 89' lang='lat' dir='ltr'><strong>Gellius,</strong></span> <span class='ocrx_word' id='word_1_204' title='bbox 513 4439 550 4496; x_wconf 90' lang='lat' dir='ltr'><strong>N.</strong></span> <span class='ocrx_word' id='word_1_205' title='bbox 567 4439 774 4512; x_wconf 76' lang='lat' dir='ltr'><strong>A,11,xu,5.</strong></span> 
     </span>
     <span class='ocr_line' id='line_1_29' title="bbox 324 4528 698 4602; baseline -0.005 -16"><span class='ocrx_word' id='word_1_206' title='bbox 324 4545 331 4552; x_wconf 63' lang='lat'><em>¹</em></span> <span class='ocrx_word' id='word_1_207' title='bbox 345 4530 357 4566; x_wconf 79' lang='lat'><strong>¹</strong></span> <span class='ocrx_word' id='word_1_208' title='bbox 375 4531 430 4602; x_wconf 91' lang='lat' dir='ltr'><strong>ld.,</strong></span> <span class='ocrx_word' id='word_1_209' title='bbox 444 4528 532 4599; x_wconf 76' lang='lat' dir='ltr'><strong>itia,</strong></span> <span class='ocrx_word' id='word_1_210' title='bbox 547 4531 607 4600; x_wconf 84' lang='lat' dir='ltr'><strong>XX,</strong></span> <span class='ocrx_word' id='word_1_211' title='bbox 619 4542 640 4600; x_wconf 92' lang='lat'><strong>1,</strong></span> <span class='ocrx_word' id='word_1_212' title='bbox 653 4529 698 4585; x_wconf 78' lang='lat'><strong>22.</strong></span> 
     </span>
     <span class='ocr_line' id='line_1_30' title="bbox 345 4618 672 4689; baseline -0.003 -15"><span class='ocrx_word' id='word_1_213' title='bbox 345 4622 355 4654; x_wconf 76' lang='lat'>³</span> <span class='ocrx_word' id='word_1_214' title='bbox 374 4621 428 4689; x_wconf 76' lang='lat' dir='ltr'><strong>ld,</strong></span> <span class='ocrx_word' id='word_1_215' title='bbox 445 4618 529 4687; x_wconf 79' lang='lat' dir='ltr'><strong>ibid,</strong></span> <span class='ocrx_word' id='word_1_216' title='bbox 548 4620 621 4689; x_wconf 85' lang='lat' dir='ltr'><strong>XIV,</strong></span> <span class='ocrx_word' id='word_1_217' title='bbox 639 4632 672 4673; x_wconf 87' lang='lat'><strong>11.</strong></span> 
     </span>
    </p>
   </div>
   <div class='ocr_carea' id='block_1_4' title="bbox 0 0 1828 5528">
    <p class='ocr_par' dir='ltr' id='par_1_4' title="bbox 0 0 1828 5528">
     <span class='ocr_line' id='line_1_31' title="bbox 0 0 1828 5528; baseline 0 0"><span class='ocrx_word' id='word_1_218' title='bbox 0 0 1828 5528; x_wconf 95' lang='lat' dir='ltr'><strong> </strong></span> 
     </span>
    </p>
   </div>
  </div>
 </body>
</html>
