3676 5528
706 625 744 686 cu
765 623 906 667 revoniae
926 600 1069 667 6611116111.
1404 587 1452 686 211

327 754 491 829 randum
510 758 568 827 est
586 753 850 828 Corinthiacae
873 754 1056 829 orationis
1078 741 1369 851 argumentum
1382 757 1454 830 Co-

327 888 463 961 rinthii
491 893 658 961 statuam
675 888 847 980 oratoris,
864 890 1094 984 quicumque
1114 890 1177 962 illa
1194 891 1280 980 tuit,
1302 895 1456 984 propter

328 1023 548 1096 facundiam
568 1022 650 1116 ejus
670 1023 710 1094 in
730 1023 884 1116 publica
901 1023 1132 1097 bibliotheca
1150 1025 1346 1118 aliquanto
1365 1005 1455 1096 anae

327 1157 585 1246 collocatam¹,
614 1157 693 1250 J'am
726 1157 919 1229 conversis
954 1157 1090 1230 studiis
1121 1163 1348 1231 everterant.
1390 1157 1454 1230 1116

328 1295 470 1380 autem,
493 1290 815 1383 quemadmodum
843 1289 1033 1383 insignem
1060 1291 1169 1364 illum
1198 1296 1344 1397 erectae
1371 1295 1455 1362 sta-

328 1429 417 1498 tuae
435 1425 619 1496 honoram
633 1422 790 1517 plurimi
800 1423 932 1495 iecisse
945 1428 982 1495 et
995 1429 1103 1517 grato
1122 1425 1251 1497 animo
1267 1423 1455 1518 accepisse

330 1581 369 1631 66
388 1555 588 1647 testatori,
612 1557 665 1629 sic
679 1557 875 1650 levitatem
895 1557 996 1630 hanc
1015 1563 1053 1631 et
1066 1558 1310 1653 iniquitatem
1326 1558 1456 1631 Coriu-

330 1693 498 1767 thiorum
530 1691 585 1763 ita
624 1691 795 1785 increpat
824 1696 867 1764 ut
905 1673 1033 1764 tamam
1062 1697 1211 1765 statuae
1244 1693 1322 1766 tato
1358 1691 1458 1764 nihil

331 1830 617 1900 commoveatur
641 1846 710 1896 1166
729 1825 953 1898 memoriam
974 1826 1033 1897 sui
1053 1849 1132 1899 una
1152 1849 1238 1898 cum
1262 1848 1308 1899 ea
1329 1825 1479 1906 611611-,

331 1967 413 2034 tum
434 1961 480 2031 iri
500 1959 724 2033 existimet3.
752 1958 868 2031 Nobis
896 1980 985 2032 vero
1010 1960 1135 2032 media
1164 1960 1346 2032 orationis
1368 1983 1459 2055 pars

332 2094 552 2188 diligentius
571 2093 832 2187 persequenda
850 2098 920 2184 est,
946 2094 986 2165 iu
1006 2116 1096 2187 qua,
1114 2094 1293 2166 bifariam
1320 2094 1458 2166 deten-

333 2230 438 2302 sione
457 2232 644 2321 suscepta,
670 2227 836 2320 primum
862 2227 996 2300 merito
1015 2233 1178 2301 erectam
1203 2229 1320 2302 tuisse
1345 2234 1459 2302 antea

332 2367 498 2436 statuam
514 2361 786 2453 demonstrat⁴,
805 2366 886 2433 tum
910 2362 1016 2434 nulla
1035 2363 1223 2456 probabili
1243 2385 1372 2455 causa,
1393 2364 1457 2436 sed

332 2503 486 2591 propter
503 2496 643 2569 falsum
659 2495 802 2569 crimen
821 2517 842 2568 e
861 2496 986 2568 medio
1005 2517 1086 2568 esse
1102 2497 1294 2570 sublatam
1305 2496 1331 2570 ⁵.

381 2631 437 2704 Ac
474 2631 655 2726 primum,
681 2652 844 2723 quorum
882 2631 1103 2703 meritorum
1140 2631 1264 2724 gratia
1295 2636 1458 2705 erectam

333 2766 424 2839 olim
462 2767 629 2838 statuam
661 2763 863 2857 profitetur
895 2769 1033 2855 orator,
1060 2786 1105 2837 ea
1137 2769 1236 2838 carte
1270 2764 1459 2837 Favorino
1567 2785 1568 2796 ¹

334 2901 471 2975 melius
490 2922 606 2994 quam
627 2899 738 2971 Dioni
762 2904 989 2992 congruunt.
1014 2900 1127 2972 Recte
1152 2900 1254 2972 enim
1284 2900 1347 2974 ille
1367 2900 1460 2994 qui·
1528 2975 1533 2984 ,

333 3037 420 3110 dam
442 3035 565 3107 dicero
584 3033 750 3128 potuita
777 3033 959 3105 Romanis
979 3034 1149 3105 moribus
1170 3034 1219 3105 ad
1241 3034 1401 3107 Graecos
1421 3057 1460 3107 66

333 3166 550 3242 defecisset
579 3166 751 3261 Namque
784 3171 821 3239 et
850 3166 1041 3239 Arelatem
1070 3166 1264 3240 Romanae
1292 3168 1461 3241 coloniae

336 3304 445 3377 titulo
460 3307 545 3397 post
560 3306 753 3374 mortuum
772 3300 916 3374 dulium
929 3300 1129 3373 Caesarem
1149 3301 1364 3374 decoratam
1379 3323 1461 3375 esse

334 3437 520 3526 constat⁷,
555 3441 593 3509 et
633 3436 759 3530 ipsum
791 3435 914 3507 civem
953 3435 1167 3507 Romanum
1209 3434 1326 3507 tuisse
1359 3436 1461 3530 apud

336 3571 498 3646 Gallium
517 3569 882 3664 deprehendimus83
900 3569 1066 3663 equitem
1082 3589 1184 3659 vero,
1208 3575 1251 3642 ut
1269 3592 1461 3664 nusquam

335 3705 559 3801 reperimus
594 3704 649 3776 ita
678 3703 836 3775 minime
872 3703 1083 3776 absurdum
1112 3703 1206 3776 6619.
1234 3702 1313 3775 Η66
1346 3703 1463 3796 igitur

374 3958 379 3990 ¹
400 3955 484 4010 Orat.
501 3954 652 4024 Corinth„
665 3953 691 4009 8.

371 4047 383 4082 ²
402 4045 492 4115 loia,
512 4045 568 4100 1-9.

371 4135 383 4168 ³
402 4134 492 4204 lbra,
511 4134 546 4188 37
563 4149 632 4203 sqq.

374 4223 384 4257 ⁴
403 4223 492 4294 loia,
511 4223 603 4278 2398.

373 4315 385 4348 ⁵
404 4312 493 4382 loia,
512 4312 604 4366 32-37.

373 4403 385 4437 ⁶
404 4403 492 4472 ibid„
512 4402 556 4457 25.

374 4493 386 4536 ⁷·
404 4493 578 4560 Suetonius,
595 4491 666 4560 Tib„
682 4491 729 4546 IV.
742 4491 903 4560 Cissupra,
915 4505 945 4559 p.
961 4490 988 4559 2,
1003 4491 1072 4545 adn.
1086 4489 1112 4544 9.

375 4583 387 4618 ⁸
406 4583 531 4651 GelliuS‚
544 4580 581 4635 N.
592 4579 639 4649 Α,
655 4581 702 4649 lv,
718 4579 794 4649 1,18.
809 4580 850 4634 cf.
870 4594 973 4648 supra,
985 4595 1015 4648 p.
1027 4580 1053 4634 2.
1142 4603 1152 4642 ·.

373 4673 385 4707 ⁰
405 4674 554 4728 Memorat
575 4670 735 4738 Emporias
750 4671 899 4724 Senecam
915 4670 1053 4738 equestri
1067 4673 1098 4724 et
1109 4669 1287 4737 provinciali
1300 4671 1377 4725 -loco
1397 4670 1465 4724 Gor·
