3648 5528
531 1297 765 1372 nonaum
792 1299 851 1373 m
878 1256 1188 1376 conaturum

301 1958 316 2018 δ
336 1844 373 1936 Ρ..
382 1879 410 1948 6,
423 1894 451 1935 v.
468 1878 512 1934 10.
530 1909 564 1952 ‘.
578 1880 634 1935 Pro
651 1895 657 1932 ε
681 1865 759 1949 Περὶ
779 1861 1019 1947 Ἀκαδημαϊκῆς,
1045 1882 1135 1949 lege:
1160 1866 1237 1951 Περὶ
1260 1881 1314 1948 τῆς
1333 1863 1425 1932 Ἀννα-

318 1967 461 2035 ημαϊκῆς.

335 2140 365 2193 Ρι
381 2137 426 2208 27,
444 2139 513 2193 adn.
527 2138 554 2193 3.
572 2169 604 2178 —
626 2139 711 2194 Adde
728 2155 734 2193 :
753 2140 886 2194 Primum
899 2139 1008 2194 eodem
1023 2141 1146 2210 honore,
1164 2141 1284 2209 deinde,
1301 2141 1339 2196 ob
1355 2155 1424 2196 ean·

300 2227 367 2282 dem
396 2242 531 2298 causam,
557 2228 665 2282 eadem
679 2229 862 2284 contumelia
876 2229 917 2283 ab
936 2229 1174 2284 Atheniensibus
1189 2230 1316 2284 allectus
1329 2231 1424 2286 luisse

300 2317 394 2372 lertur
421 2317 513 2372 etiam
541 2317 691 2372 Demades
718 2321 819 2372 orator
842 2317 1051 2387 (Plutarchus,
1091 2317 1193 2372 Praec.
1231 2335 1292 2388 per.
1335 2317 1422 2389 reip,

300 2406 412 2476 XXVII,
428 2405 484 2474 13).
514 2419 517 2424 ’
1384 2412 1389 2420 ’

335 2578 366 2633 P.
384 2577 428 2648 51,
444 2593 471 2631 v.
498 2575 524 2628 9.
551 2605 582 2614 -—
605 2575 713 2630 Adde:
732 2576 992 2640 Quemadmodum
1014 2577 1266 2633 declamationem
1286 2577 1423 2632 Favorini
1530 2575 1534 2581 “

300 2655 368 2739 περὶ
382 2660 485 2737 γήρως
509 2670 540 2721 et
553 2666 691 2720 libellum
707 2666 859 2721 Ciceronis
872 2666 916 2719 De
928 2670 1078 2723 senectute
1093 2669 1276 2735 cognatione
1290 2667 1423 2738 quadam

300 2760 380 2813 inter
394 2771 429 2810 se
440 2769 511 2810 esse
525 2755 688 2822 conjuncta
706 2756 809 2822 negari
831 2769 891 2809 non
909 2759 1018 2826 potest,
1043 2757 1090 2810 sic
1110 2757 1141 2811 in
1162 2758 1257 2811 altera
1272 2771 1308 2810 ea
1326 2757 1424 2811 decla·
1453 2765 1458 2774 ·

300 2847 433 2901 mationa
452 2858 543 2912 quam
566 2831 634 2913 περὶ
667 2829 811 2914 ἀναρχίας
843 2845 906 2899 sive
927 2845 965 2898 de
986 2841 1196 2900 mediocritate
1220 2846 1422 2913 conscriptam

299 2938 394 2992 luisse
408 2950 426 2989 a
440 2934 587 2989 Favorino
599 2919 792 3002 suspicamur
805 2935 875 3003 (quo
893 2933 1059 3002 redigenda
1073 2935 1215 2991 videntur
1229 2937 1264 2990 ir.
1280 2934 1363 2990 §aaa
1377 2935 1418 2992 M.

241 3027 244 3036 '
299 3049 331 3076 =
354 3025 512 3090 stobaeus,
539 3021 633 3089 Fron,
650 3022 745 3090 XLIX,
770 3023 805 3076 14
825 3027 856 3077 et
876 3022 924 3092 483
946 3023 1041 3093 XCIV,
1057 3023 1106 3094 29;
1133 3025 1281 3095 xanta),
1298 3025 1422 3080 eosdem

299 3115 397 3171 tontes
411 3113 524 3168 adiisse
539 3126 609 3166 eum
634 3112 795 3179 opinamur
810 3112 891 3166 unde
903 3113 965 3180 jam
979 3120 1177 3169 manaverant
1190 3115 1327 3183 ejusdem
1343 3115 1423 3168 Cice-

299 3205 381 3260 ronis
398 3203 580 3256 Tusculanae
592 3198 819 3270 disputationes.
835 3201 982 3271 Namque,
999 3202 1081 3258 infr.
1097 3203 1130 3259 81
1148 3205 1186 3258 Μ.
1205 3203 1311 3274 (Flam,
1326 3204 1423 3273 XLIX,

299 3293 355 3366 48),
382 3295 426 3348 ita
452 3291 629 3360 Dionysium
659 3292 823 3360 compellat
849 3292 1013 3346 Favorinus
1045 3313 1051 3346 :
1095 3278 1119 3342 εἰ
1154 3286 1206 3358 μὲν
1239 3277 1422 3363 ἀνθρωπίνην

263 3368 270 3381 '
301 3364 435 3454 (ἡδονὴν)
467 3371 577 3443 θέλεις,
613 3361 635 3428 ὦ
671 3364 816 3444 Διονύσιε,
847 3371 983 3445 πείνησον
1014 3370 1060 3430 ἵνα
1087 3369 1196 3452 φάγῃς,
1228 3372 1346 3449 diducat
1376 3367 1423 3431 ἵνα

298 3464 381 3544 πίῃς.
408 3473 490 3536 Quae
514 3469 705 3546 compellatio
726 3469 751 3522 si
772 3469 821 3522 eui
844 3469 945 3523 minus
969 3462 1086 3537 liquere
1104 3471 1265 3541 videbitur,
1292 3472 1423 3540 primum

300 3567 419 3630 reputet
434 3561 560 3614 multum
583 3559 678 3612 fuisse
700 3558 885 3625 Ciceronem,
911 3559 948 3612 de
974 3561 1134 3627 tyrannide
1158 3561 1374 3630 disputantem,
1393 3562 1422 3614 in

299 3650 464 3705 historiolis
477 3664 493 3702 e
508 3647 643 3714 Dionysii
658 3647 719 3700 vita
733 3647 836 3714 petitis
852 3648 909 3714 (ex.
926 3662 983 3716 gr,
998 3647 1021 3700 Τ
1020 3664 1090 3714 usa,
1109 3650 1139 3716 V,
1151 3648 1257 3711 57-63).
1276 3651 1316 3703 Cf.
1329 3651 1423 3717 potis·

300 3742 411 3795 simum
426 3739 460 3791 fr.
478 3735 513 3790 80
526 3735 664 3802 =.Fl0r.,
685 3736 781 3805 XLIX,
797 3734 842 3801 lt,
865 3737 914 3790 ubi
930 3737 1030 3804 agitur
1051 3737 1088 3790 de
1103 3739 1238 3806 tyrannis
1255 3739 1285 3792 in
1301 3740 1424 3793 eubicu-

298 3832 370 3897 lum,
385 3828 473 3896 quasi
490 3827 520 3880 in
535 3839 697 3895 carcerem,
715 3825 858 3893 redactiS,
875 3840 943 3878 cum
959 3826 1018 3880 hoc
1038 3825 1276 3880 Tusculanarum
1296 3829 1362 3882 loco
1379 3828 1422 3896 tv,

298 3919 334 3974 58
352 3927 417 3990 sq.)
439 3931 445 3970 :
473 3935 486 3964 «
513 3915 558 3969 lta
579 3919 703 3983 propter
721 3915 863 3982 injustam
877 3915 1051 3971 dominatus
1064 3917 1261 3984 cupiditatem
1277 3918 1308 3971 in
1324 3931 1424 3973 carce·

299 4023 363 4064 rem
378 4007 510 4077 quodam
525 4005 614 4059 modo
630 4004 696 4072 ipse
717 4018 751 4058 se
769 4004 935 4059 incluserat
941 4044 1018 4060 .....
1044 4005 1089 4075 dt,
1113 4021 1182 4060 cum
1201 4007 1315 4061 fossam
1330 4008 1422 4062 latam

298 4095 463 4153 cubiculari
477 4095 557 4148 lecto
567 4093 821 4147 circumdedisset
835 4093 961 4162 ejusque
976 4094 1076 4148 fossae
1091 4096 1252 4150 transitum
1267 4087 1422 4164 ponticulo

298 4189 398 4253 ligneo
413 4183 631 4251 conjunxisset,
648 4197 717 4236 eum
733 4183 842 4251 ipsum,
853 4196 922 4236 oum
937 4184 1031 4237 iorem
1045 4185 1177 4238 cubiculi
1193 4185 1356 4252 clauserat,
1371 4189 1423 4240 de-

300 4275 468 4344 torquebat.
487 4291 500 4322 »
517 4273 643 4342 Deinde,
659 4272 684 4325 si
701 4273 748 4324 cui
766 4271 795 4324 iu
811 4277 944 4326 mentem
967 4274 1085 4327 venerit
1100 4263 1250 4328 notissimi
1266 4277 1421 4344 cujusdam

299 4366 368 4434 loci,
386 4351 477 4432 paulo
492 4362 569 4416 inira
585 4359 682 4429 (ibid,
700 4361 731 4427 V,
745 4359 790 4429 ut)
807 4361 909 4430 positi,
926 4376 996 4418 eum
1012 4361 1157 4436 niltiljam
1170 4366 1262 4419 oredo
1281 4381 1351 4420 esse
1367 4367 1422 4421 de-

299 4455 501 4510 sideraturum
518 4468 523 4504 z
542 4470 555 4502 «
572 4452 626 4505 Ubi
644 4452 735 4518 (apud
754 4450 1019 4518 Lacedaemonios)
1036 4467 1111 4506 cum
1123 4457 1270 4520 tyrannus
1285 4457 1422 4509 cenavis-

298 4549 345 4599 set
363 4542 535 4610 Dionysius,
556 4541 679 4607 negavit
694 4555 728 4594 se
740 4541 808 4607 jure
829 4540 880 4594 illo
897 4541 995 4608 nigro,
1018 4543 1099 4607 quod
1122 4557 1216 4596 cenae
1236 4550 1420 4611 capularet,

298 4635 492 4688 delectatum.
509 4631 584 4685 Tum
600 4629 626 4684 is
640 4629 692 4697 qui
707 4629 759 4683 illa
772 4633 896 4684 coxerat
910 4646 915 4685 :
931 4629 1078 4686 «Mlnime
1092 4631 1200 4685 mirum
1213 4633 1421 4688 :condimenta
