3676 5528
372 591 413 656 tc
746 643 752 654 .
854 609 1143 664 cxrmm......

371 739 662 836 grammaticam
700 762 777 814 non
817 739 1042 834 neglexisse,
1085 761 1180 813 «ne
1217 761 1277 814 res
1315 739 1494 815 cotidiani

371 897 479 967 usne,
497 880 682 972 tauquam
697 875 764 970 qui
782 875 823 948 in
837 875 1039 948 venalibus
1054 875 1159 968 loqui
1173 879 1404 969 coeptarent,
1420 875 1496 948 alia

371 1032 489 1104 quam
515 1013 663 1104 oportet
687 1031 779 1082 voce
807 1009 1035 1103 appellaret¹
1066 1033 1109 1099 a,
1141 1032 1160 1080 (1
1186 1009 1369 1104 quoniam
1402 1009 1495 1086 civi-

371 1145 445 1216 bus
464 1139 648 1218 Romanis
666 1143 802 1217 Latine
821 1143 1065 1236 loquentibus
1083 1165 1163 1216 rem
1182 1166 1260 1216 non
1285 1165 1354 1216 suo
1384 1163 1497 1218 voca-

371 1279 463 1352 bulo
500 1278 762 1352 demonstrare
794 1299 872 1350 non
910 1277 1039 1349 minus
1085 1282 1195 1371 turpe
1239 1282 1337 1350 esset
1380 1300 1496 1371 quam

369 1412 564 1486 hominem
579 1434 657 1485 non
677 1434 747 1484 suo
772 1411 927 1484 nomine
944 1411 1161 1504 appellare²
1187 1436 1222 1483 ».
1252 1413 1359 1483 Certe
1392 1412 1496 1484 nullo

369 1547 446 1621 alio
469 1547 628 1620 consilio
649 1545 921 1640 grammaticas
946 1567 1006 1624 res
1029 1550 1256 1620 tractantem
1280 1567 1367 1618 eum
1394 1546 1497 1639 apud

370 1682 533 1756 Gellium
561 1680 868 1776 deprehenderis.
895 1680 1002 1767 Quod
1032 1681 1126 1752 adeo
1158 1702 1235 1753 non
1267 1681 1497 1757 abhorrete

370 1815 613 1910 philosophia
628 1819 669 1888 ut
694 1813 801 1887 stoici
821 1812 1008 1906 ejusmodi
1027 1835 1087 1886 res
1102 1813 1252 1907 penitus
1272 1815 1496 1908 perscrutati

371 1948 461 2040 sint,
474 1953 512 2022 et
521 1947 728 2042 Epictetus
739 1951 931 2020 auctorem
944 1947 1139 2020 Socratem
1149 1947 1422 2042 Platonemque
1433 1971 1499 2022 se-

370 2088 494 2172 cotue,
512 2105 536 2156 a
558 2082 914 2156 circumscribendis
934 2082 1130 2156 vocabulis
1149 2081 1315 2176 incipere
1334 2083 1498 2177 philoso-

370 2217 501 2309 phiam
513 2217 756 2290 contenderet
767 2219 792 2288 ³.
808 2217 935 2310 Inepte
953 2215 1070 2310 igitur
1080 2215 1268 2289 Domitius
1283 2217 1346 2290 ille
1365 2240 1498 2311 gram-

372 2351 548 2440 maticuS,
564 2373 588 2423 a
607 2349 797 2422 Favorino
814 2351 1070 2442 interrogatus
1084 2371 1252 2443 quonam
1267 2351 1409 2445 optime
1425 2353 1498 2424 La-

373 2485 454 2558 tino
471 2485 657 2558 vocabulo
671 2490 839 2572 δημηγερία
854 2484 1086 2575 redderetur,
1098 2485 1338 2558 exclamabat
1353 2487 1498 2559 nollem

373 2641 527 2713 prorsus
542 2619 664 2692 honae
679 2619 814 2692 salutis
827 2640 932 2713 spem
947 2618 1133 2712 reliquam
1146 2639 1229 2692 csse
1243 2624 1282 2692 ct
1293 2619 1499 2713 periclitari

373 2752 656 2847 philosophiam
682 2751 775 2847 quia
794 2751 1012 2846 philosophi
1039 2751 1157 2824 verba
1178 2753 1499 2847 auctoritatesque

372 2888 576 2960 verborum
609 2885 712 2958 cordi
738 2887 924 2959 haherent
938 2886 964 2956 ⁴.
991 2884 1120 2979 Neque
1148 2907 1239 2958 vero
1268 2886 1390 2959 solum
1419 2887 1499 2983 ipse

373 3020 526 3093 inutilia
554 3024 593 3094 11
614 3019 743 3092 minos
770 3025 861 3114 apta
887 3025 923 3092 et
947 3018 1152 3093 ambitiose
1173 3021 1292 3094 verba
1313 3021 1496 3116 fugiebat,

374 3154 439 3228 sed
465 3154 582 3226 etiam
606 3153 708 3247 apud
728 3153 960 3226 clarissimos
984 3153 1184 3247 scriptores
1209 3154 1416 3249 siquando
1438 3157 1501 3229 de-

373 3288 646 3382 prehendebat,
667 3287 775 3360 nulla
796 3288 977 3382 religione
1004 3287 1198 3361 revinctus
1224 3289 1496 3364 insectabatur.

374 3423 470 3496 Male
485 3421 588 3496 enim
607 3421 815 3494 reddidisse
834 3421 1044 3514 Vergilium
1071 3421 1316 3496 existimabat
1343 3445 1389 3496 ea
1414 3424 1501 3498 Pin-

374 3555 457 3629 dari
471 3555 644 3630 carmina
661 3556 802 3649 quibus
817 3555 981 3627 Aetnam
1001 3555 1212 3650 descripsit,
1235 3557 1336 3650 quod
1366 3580 1385 3627 «
1413 3557 1502 3630 Pin-

374 3690 503 3779 daruS,
521 3688 674 3762 veritati
690 3689 812 3783 magis
831 3688 1046 3779 obsecutus,
1069 3689 1107 3761 id
1127 3689 1285 3763 dixisset
1313 3691 1415 3785 quod
1442 3714 1501 3765 res

375 3828 473 3898 esset
491 3823 668 3917 quodque
697 3821 783 3897 istic
801 3846 874 3895 usu
895 3822 1045 3896 veniret
1063 3825 1239 3919 quodque
1258 3825 1379 3898 oculis
1398 3826 1502 3899 vide-

375 3963 492 4050 retur,
506 3958 692 4032 interdius
710 3957 858 4030 lomere
874 3957 1052 4047 Aetnam,
1066 3962 1181 4030 noctu
1202 3958 1442 4054 flammigera
1463 3986 1498 4051 1),

376 4092 566 4186 Vergilius
610 4096 752 4180 autem,
804 4114 881 4185 quo
926 4091 1048 4184 magis
1097 4096 1308 4187 streperent
1350 4115 1497 4186 versus,
1539 4189 1541 4194 ,

411 4387 419 4422 ¹
442 4387 567 4456 Gellius,
581 4385 617 4441 N.
629 4386 676 4455 A,
692 4387 740 4454 IV,
754 4399 775 4456 1,
789 4385 807 4440 6
819 4375 851 4440 et
865 4385 912 4442 18.

412 4476 423 4510 ²
442 4476 497 4544 Id.,
512 4474 596 4545 ibid,
610 4477 658 4545 IV,
673 4488 693 4545 1,
707 4475 755 4532 18.

411 4563 422 4597 ³
442 4566 572 4632 Epicteti
588 4565 830 4633 Dissertationes,
843 4567 864 4634 I,
879 4577 954 4633 xv1l,
968 4565 1021 4634 ¹123
1037 4566 1072 4634 II,
1089 4579 1151 4636 XIV,
1164 4565 1216 4636 II,
1234 4567 1269 4638 11,
1285 4563 1420 4637 111114.

412 4653 422 4686 ⁴
441 4654 565 4724 Gellius,
577 4653 614 4708 N.
630 4655 676 4725 A,
691 4657 792 4726 XVIII,
806 4668 859 4725 vn,
873 4655 900 4712 3.
