3648 5528
281 593 290 613 ·
355 528 413 590 106
844 543 936 584 orror
959 543 986 586 r.

353 684 439 757 dem
459 684 692 779 plaususque
714 681 893 777 captandi
913 687 1096 777 peterent.
1116 681 1225 756 Nune
1244 703 1334 756 vero
1353 684 1479 756 neseio

353 840 403 890 an
428 817 519 912 quia
544 822 582 890 el
604 818 644 889 in
676 816 799 890 Gallia
825 821 940 888 natus
972 821 1009 888 el
1036 815 1277 909 aliquantum
1300 818 1480 912 temporis

356 952 497 1024 Romae
513 956 687 1024 versatus
702 955 784 1023 erat
798 950 941 1023 Graeca
955 949 1021 1022 illa
1033 949 1170 1022 levitas
1184 951 1374 1044 gravilate
1389 974 1482 1044 qua-

355 1087 444 1158 dam
466 1091 678 1179 temperata
696 1085 824 1157 fuerit.
842 1083 893 1156 Al
907 1105 955 1157 ne
976 1084 1029 1157 sie
1047 1084 1201 1177 quidem
1221 1084 1426 1179 quiequam
1441 1086 1481 1157 in

355 1242 399 1292 eo
413 1224 557 1293 eertum
573 1224 642 1308 esi,
655 1218 861 1312 quiequam
876 1191 977 1311 quod
996 1218 1045 1290 ad
1067 1217 1286 1291 distinctam
1307 1242 1481 1292 normam

355 1353 507 1426 referas.
531 1352 659 1446 Neque
674 1352 776 1424 enim
797 1374 910 1424 sexus
925 1353 1037 1424 modo
1055 1351 1138 1447 ejus
1162 1352 1365 1446 ambiguus
1384 1358 1478 1444 erat,

357 1487 422 1558 sed
453 1491 490 1557 el
514 1486 639 1580 patria
667 1491 707 1558 et
736 1486 869 1579 lingua
900 1489 938 1557 et
971 1483 1123 1557 studia:
1148 1484 1279 1558 Gallus
1312 1486 1427 1558 simul
1445 1492 1483 1560 et

357 1594 1479 1712 Asiaticusluil,GraeoojuxtaaoLalinosermoneususest‚

357 1753 583 1850 rhetoricam
621 1757 743 1825 artem
776 1774 854 1824 non
892 1749 1021 1824 minus
1053 1774 1169 1846 quam
1201 1752 1481 1847 philosophiam

357 1886 485 1958 coluit.
510 1887 755 1980 Quapropter,
784 1886 850 1979 qui
870 1885 946 1958 tria
964 1888 1117 1973 παράδοξα
1137 1885 1177 1956 in
1200 1886 1281 1959 vita
1307 1909 1377 1960 sua
1401 1908 1482 1960 esse

357 2018 538 2112 jactabat,
557 2020 659 2113 apud
678 2040 765 2090 eum
793 2018 960 2113 plurima
979 2018 1123 2090 ineerta
1150 2023 1188 2090 el
1205 2019 1388 2113 ambigua
1402 2040 1483 2092 esse

359 2151 488 2223 verius
506 2151 728 2223 dixerimus,
1165 2135 1168 2142 ’
1369 2155 1372 2161 ’

857 3421 928 3478 er
948 3436 989 3478 ac
1009 3436 1145 3478 rausum

729 3522 867 3575 Lutetiae
882 3521 1077 3590 Parisiorum,
1094 3522 1123 3574 in
1140 3523 1277 3576 sorbona

681 3620 730 3674 die
753 3620 827 3673 XXV
852 3633 950 3673 mens,
972 3620 1058 3677 Febr.
1084 3634 1153 3674 ann.
1176 3619 1326 3675 MCMlll.

516 3718 683 3772 Facultatis
696 3718 876 3771 Litterarum
890 3717 919 3770 in
934 3717 1138 3773 Universitate
1150 3718 1317 3774 Parisieusi
1330 3718 1482 3786 Decanus,

890 3834 923 3887 A.
944 3832 1110 3889 CROlSET.

486 4082 577 4134 Tuus
598 4093 783 4134 uauuurua.

381 4179 565 4234 Academiae
578 4177 761 4232 Parisieusis
776 4179 896 4247 Hector,

546 4295 577 4349 L.
597 4295 720 4350 LIARD.
