3676 5528
611 1404 798 1492 CAPUT
834 1404 1068 1492 PRIMUM

564 1951 696 2020 Pauca
727 1951 775 2018 de
808 1951 890 2018 vita
919 1949 1117 2048 Favorini.

328 2502 381 2576 De
405 2501 486 2575 vito
512 2501 693 2575 Favorini
724 2501 880 2574 uberius
907 2499 970 2573 hio
998 2499 1181 2572 disserere
1205 2497 1300 2571 mihi
1327 2497 1421 2570 non

253 2635 514 2732 *propositum
543 2641 612 2727 est,
639 2658 716 2709 non
745 2635 856 2708 modo
889 2633 981 2728 quio
1007 2633 1086 2728 jem
1118 2636 1207 2704 onte
1236 2632 1284 2704 eb
1318 2629 1404 2703 eliis

75 2794 78 2803 ·
193 2843 194 2848 ,
279 2770 481 2870 diligenter
508 2769 652 2843 collecti
680 2775 794 2863 utque
823 2767 955 2841 ordine
983 2766 1118 2861 digesti
1153 2769 1243 2838 sunt
1273 2784 1404 2836 omnes

279 2909 451 2978 veterum
474 2907 673 2977 suetorum
706 2903 777 2976 looi
801 2902 867 2998 qui
895 2902 944 2975 od
972 2887 1167 2974 hominem
1196 2899 1401 2994 pertinent,

279 3059 414 3110 verum
433 3037 549 3110 etiem
563 3037 655 3132 quin
674 3037 785 3110 nobis
805 3035 897 3130 ipsis
917 3034 1030 3126 infru,
1048 3057 1134 3107 cum
1150 3034 1197 3106 de
1212 3032 1349 3106 studiis
1367 3036 1406 3105 et

280 3170 431 3265 seriptis
459 3170 542 3265 ejus
574 3170 869 3265 disputabimus,
899 3169 1068 3264 plerique
1092 3190 1222 3240 eorum
1254 3188 1405 3238 memo-

279 3305 390 3379 rondi
409 3310 534 3378 erunt.
560 3305 717 3378 Minime
737 3304 854 3399 igitur
879 3325 974 3398 opus
993 3307 1050 3376 est
1069 3306 1136 3375 out
1149 3302 1227 3396 Jem
1247 3302 1296 3374 eb
1317 3300 1404 3375 eliis

280 3439 381 3513 dioto
400 3444 567 3533 repetere
590 3443 664 3512 eut
675 3438 891 3533 praecipere
918 3460 964 3511 ee
981 3459 1080 3532 quoe
1100 3459 1189 3509 mox
1215 3435 1288 3530 ipsi
1312 3457 1406 3530 pro-

187 3620 189 3622 -
280 3573 396 3646 loturi
430 3595 595 3667 sumus3
631 3573 696 3646 sed
734 3572 829 3644 illud
861 3576 1013 3645 tentum
1050 3575 1150 3643 reete
1187 3575 1224 3643 et
1261 3569 1407 3642 utiliter

281 3706 392 3780 uobis
412 3706 476 3778 hie
494 3711 641 3779 tentore
660 3728 770 3801 posse
784 3705 973 3796 videmur,
988 3710 1032 3777 ut
1050 3727 1168 3798 quem
1182 3703 1406 3777 brevissime

281 3862 518 3935 exponemus
545 3862 642 3935 quos
672 3840 786 3912 urbes
821 3859 993 3933 quosque
1026 3838 1198 3932 regiones
1231 3837 1407 3910 inviserit

282 3973 487 4048 nolueritve
506 3973 733 4066 Favorinus,
760 3995 923 4067 quorum
942 3973 1113 4046 virorum
1133 3971 1407 4046 consuetudine

281 4130 375 4181 usus
404 4107 466 4199 sit,
497 4107 638 4202 quibus
671 4107 835 4201 denique
867 4106 1012 4179 finibus
1045 4105 1128 4200 ejus
1155 4105 1244 4179 'vitu
1280 4107 1408 4180 oonti-

281 4248 432 4315 nentur.
1073 4323 1076 4328 ¹

331 4375 386 4449 Ao
406 4375 574 4472 primum
603 4398 679 4470 qun
706 4376 755 4450 sit
781 4380 905 4448 oetnte
933 4380 1048 4448 notus
1076 4396 1145 4452 nee
1173 4381 1408 4469 compertum

282 4510 469 4583 hebemus
512 4510 675 4584 neudum
707 4510 811 4584 loeus
844 4515 902 4584 est
938 4509 1116 4582 subtilius
1157 4508 1415 4604 disquirendi.'

283 4642 439 4718 Interim
483 4645 686 4718 admonere
724 4643 817 4717 setis
859 4649 917 4717 est
953 4643 1180 4738 imperatore
1217 4642 1427 4717 Hndriono‘

1272 4768 1287 4814 2
