3648 5528
390 555 450 616 loe
702 557 707 566 '
766 613 769 619 ,
874 509 974 613 ’ωνυτ
997 571 1025 614 v.

389 709 596 805 imaginem
616 732 661 783 ea
680 709 775 782 mihi
795 709 932 782 referre
945 708 1136 782 videntur.
1148 707 1244 782 Nam
1264 703 1512 783 describendi

386 845 497 940 juxta
510 843 717 918 aedicandi
737 847 817 916 arte
832 841 1007 914 homines
1024 841 1091 914 illa
1109 847 1233 915 aetate
1256 843 1351 916 adeo
1374 843 1513 916 demis·
1596 823 1599 829 ’
1678 890 1683 897 -

387 1000 474 1052 sam·
486 977 721 1073 abjectamve
736 975 953 1071 opinionem
968 975 1233 1071 concipiebant
1247 981 1290 1049 ut
1300 959 1511 1072 excogitare

387 1133 447 1186 res
461 1116 575 1208 atque
595 1111 644 1183 ad
660 1111 862 1204 pulchrum
877 1110 1048 1182 ordinem
1069 1110 1237 1204 digerere
1263 1111 1416 1183 levioris
1430 1130 1531 1184 esse·

388 1244 570 1322 momenti
598 1244 887 1332 arbitrarentur,
916 1264 1039 1336 neque
1064 1243 1144 1316 ulla
1175 1243 1229 1316 eis
1256 1250 1354 1317 esset
1382 1244 1513 1338 religio

386 1378 592 1474 quominus
610 1378 689 1473 jam
705 1382 794 1450 ante
809 1378 857 1450 ab
878 1377 964 1449 aliis
983 1376 1195 1470 excogitata
1214 1384 1459 1472 recoquerent
1476 1384 1514 1451 et

386 1518 526 1586 temere
546 1512 802 1607 procederent,
830 1511 1036 1583 dummodo
1061 1516 1279 1585 exercerent
1292 1510 1511 1586 facundiam

386 1652 424 1720 et
438 1645 587 1720 variam
601 1645 869 1741 copiosamque
883 1645 1096 1718 doctrinam
1116 1651 1363 1719 ostentarent.
1441 1659 1444 1664 ’

442 1976 588 2062 Quibus
625 1973 870 2065 hominibuS,
911 1973 981 2047 etsi
1017 1973 1207 2069 plerisque
1242 1996 1373 2047 eorum
1404 1975 1515 2068 longe

389 2109 624 2207 praestitisse
661 2108 771 2182 nobis
809 2107 915 2180 visus
947 2113 1017 2195 est,
1047 2113 1176 2180 tamen
1213 2109 1317 2180 haud
1346 2108 1516 2203 iniquius

390 2242 771 2319 adnumeraverimus
808 2242 1077 2315 Favorinum:
1114 2264 1218 2332 nam,
1259 2263 1371 2335 quem
1406 2243 1516 2314 modo

369 2377 622 2473 ‘sophisticae
647 2375 722 2448 arti
751 2397 790 2448 se
823 2371 971 2448 didisse
999 2375 1181 2466 vidimus,
1212 2375 1374 2468 eundem
1414 2399 1516 2451 nuuc

391 2512 536 2585 alienos
550 2487 667 2582 libros
687 2509 726 2581 in
742 2509 970 2582 collectanea
984 2508 1251 2602 compilantem
1268 2491 1518 2603 deprehendi-

392 2669 490 2719 mus
520 2643 616 2718 Eum
632 2643 786 2740 quidem
806 2665 829 2715 a
848 2642 1090 2737 philosophia
1113 2643 1218 2715 haud
1243 2665 1334 2716 sane
1349 2644 1517 2718 alienum

391 2780 510 2854 fuisse
534 2778 666 2872 negari
698 2797 774 2849 non
803 2781 993 2871 potestat
1024 2777 1200 2849 videmur
1225 2778 1528 2876 demonstrasse,

393 2935 515 3011 neque
530 2912 680 3008 egregia
693 2911 877 2984 memoria
892 2912 1016 3002 modo,
1036 2911 1100 2984 sed
1117 2911 1268 3005 ingenio
1289 2912 1405 2985 etiam
1417 2935 1521 3009 egre-

393 3049 454 3145 gio
473 3046 702 3142 praeditum.
735 3045 905 3118 Plurima
931 3045 1004 3118 luit
1027 3045 1062 3117 ei
1084 3045 1288 3136 subtilitas,
1310 3046 1519 3141 plurimum

393 3202 568 3270 acumen,
584 3179 751 3274 plurima
769 3179 810 3250 in
829 3179 933 3251 omni
957 3199 997 3251 re
1013 3179 1189 3252 facilitas.
1213 3180 1307 3252 Cum
1323 3202 1347 3252 a
1371 3183 1521 3256 temeri-

395 3320 472 3389 tate
498 3313 630 3408 judicii
650 3313 827 3406 inprimis
846 3289 1004 3385 aversus
1019 3318 1129 3404 esset,
1158 3336 1255 3408 quae
1276 3314 1445 3388 maxima
1464 3321 1521 3389 est

395 3449 532 3538 virtuS,
549 3468 627 3519 non
641 3446 829 3540 extemplo
850 3446 922 3519 sibi
938 3448 1158 3521 assumebat
1177 3469 1275 3541 quae
1290 3449 1405 3542 vulgo
1424 3449 1521 3523 iere-

396 3584 550 3671 bantur,
569 3580 647 3670 sed,
663 3579 828 3670 tametsi,
842 3580 905 3651 vel
920 3579 1045 3674 potius
1063 3581 1154 3673 quia
1165 3580 1415 3656 Academicus
1425 3589 1519 3677 erat,

397 3711 666 3803 curiosissime,
680 3712 761 3786 sive
779 3735 866 3786 cum
882 3712 968 3784 aliis
987 3713 1272 3809 colloquebatur
1293 3714 1375 3788 sive
1406 3715 1523 3790 libros

398 3845 642 3942 compilabat,
673 3867 807 3918 verum
837 3845 982 3918 solebat
1014 3844 1240 3941 inquirere*⁸
1272 3847 1396 3936 Quare
1419 3849 1523 3922 haud

436 4164 443 4197 ¹
466 4161 583 4226 Quibus
597 4159 635 4212 da
649 4159 753 4212 causis
765 4171 824 4212 non
841 4157 916 4210 libet
927 4158 1018 4224 plane
1033 4156 1214 4224 adstipulari
1229 4157 1457 4214 Wilamowitzio
1472 4158 1527 4213 ini·

401 4251 502 4321 quina,
520 4264 589 4303 mea
601 4249 725 4316 quidem
742 4246 906 4312 sententia,
919 4245 1065 4312 jodicimn
1083 4247 1120 4299 do
1133 4246 1278 4300 Favorino
1289 4247 1423 4316 facienti,
1433 4263 1525 4318 quern

401 4340 602 4408 «cymbalum
627 4337 742 4404 nrurrdi,
760 4336 815 4390 sed
831 4335 956 4388 surdum
979 4335 1152 4402 cymbalum
1167 4354 1180 4384 »
1195 4340 1284 4389 verat
1305 4337 1523 4405 llll'ilamowitz,

400 4446 444 4499 op.
464 4429 556 4498 laud,
570 4443 599 4495 p.
615 4426 686 4488 llo).
708 4426 750 4481 Cl.
775 4427 808 4479 R.
833 4424 940 4492 Hirzel,
957 4423 1018 4476 Der
1040 4421 1157 4492 Dialop,
1175 4425 1210 4491 ll,
1224 4439 1253 4492 p.
1268 4424 1330 4493 lte,
1347 4425 1415 4480 adn.
1432 4425 1459 4494 3,
1474 4428 1525 4482 ubi

400 4505 483 4573 recte
508 4518 697 4584 improbatur
715 4513 935 4570 Wilamowitzii
946 4512 1104 4581 iudicium,
1121 4517 1267 4582 tanquam
1287 4514 1339 4584 qui
1355 4514 1524 4585 ridiculam,

400 4622 458 4663 uon
470 4621 572 4661 veram
587 4604 723 4662 Favorini
737 4603 901 4670 imaginem
912 4602 1097 4671 depinxerit.
