3676 5528
372 561 411 624 ta
744 615 747 622 .
853 577 943 622 curor
965 578 1016 638 111.⁴

372 713 410 781 et
429 708 638 781 absurdum
663 711 700 780 et
732 707 977 781 ambitiosum
1001 707 1188 803 judicaret
1215 708 1323 781 illum
1351 733 1501 806 aequa-

373 842 468 915 lium
498 842 667 915 Euandri
693 843 900 933 amorem¹,
929 843 1108 916 honestos
1129 843 1283 938 quidem
1304 867 1427 919 mores
1450 848 1498 920 ab

372 975 653 1070 antiquioribus
674 977 905 1048 mutuandas
929 978 1118 1067 censebat,
1141 977 1267 1050 verbis
1291 1000 1382 1052 voro
1409 1002 1499 1054 suae

373 1111 510 1205 cuique
531 1111 681 1200 aetatis,
713 1116 756 1184 ut
791 1110 863 1205 ipsi
886 1109 1074 1202 iecissent,
1110 1113 1223 1207 plane
1261 1134 1305 1185 ac
1336 1113 1501 1189 dilucide

373 1245 638 1339 loquendum2.
662 1245 744 1317 Non
759 1245 860 1338 quod
880 1245 953 1317 sibi
981 1245 1225 1318 interdictum
1240 1251 1393 1341 putaret
1407 1269 1501 1340 quo-

375 1379 503 1451 minus
527 1380 772 1452 vehementer
804 1379 1059 1452 admiraretur
1086 1380 1344 1453 narrationem
1371 1402 1503 1474 quan-

374 1515 477 1604 dam,
500 1536 576 1608 qua
601 1514 643 1602 Q.
662 1513 844 1586 Claudius
867 1512 1141 1608 Quadrigarius
1166 1514 1299 1586 Manlii
1319 1514 1501 1608 Torquati

375 1654 413 1722 et
437 1649 558 1721 hostis
591 1649 689 1722 Galli
726 1647 970 1743 provocantis
1007 1670 1176 1742 pugnam
1209 1648 1396 1742 depinxit,
1437 1649 1501 1722 sed

376 1783 459 1856 ideo
479 1787 629 1855 tantum
644 1782 735 1876 quia
756 1782 918 1876 simplici
937 1786 975 1854 et
994 1782 1186 1876 incompta
1201 1783 1392 1855 suavitate
1420 1783 1503 1855 des-

376 1918 498 2011 cripta
512 1923 636 1990 esset:
660 1940 776 2011 quam
797 1939 884 1990 cum
909 1918 1061 2010 legeret,
1090 1917 1232 2002 eisdem
1253 1917 1420 1989 motibus
1438 1917 1503 1989 ai-

376 2050 440 2125 tici
460 2073 539 2124 sese
548 2052 703 2124 dicebat
717 2051 826 2144 quasi
848 2051 927 2144 ipse
947 2073 1073 2124 coram
1093 2051 1267 2122 homines
1282 2051 1504 2144 depugnan-

377 2193 433 2260 tes
454 2183 672 2281 speotaret³.
692 2185 788 2279 Ergo
807 2185 962 2258 veritati
981 2190 1068 2257 ante
1084 2185 1213 2257 omnia
1228 2185 1502 2257 consulendum

377 2321 649 2414 existimabat3
683 2320 900 2393 inauditum
923 2325 1051 2392 autem
1081 2324 1194 2413 atque
1220 2319 1388 2392 insolens
1419 2339 1504 2392 ver-

378 2457 470 2528 bum
490 2458 674 2548 tanquam
694 2455 890 2548 scopulum
911 2453 1134 2547 fugiendum
1147 2454 1172 2524 ².
1195 2451 1338 2526 Eadem
1358 2452 1504 2525 ratione

378 2587 580 2662 arcessitos
602 2592 639 2660 et
658 2588 814 2661 moleste
838 2586 1115 2660 confabricatus
1136 2587 1409 2660 vocabulorum
1432 2585 1506 2659 ori-

377 2721 488 2815 gines
511 2724 715 2816 respuebat
728 2729 754 2814 ⁵,
785 2743 933 2794 necnon
956 2726 994 2795 et
1022 2721 1143 2794 nimia
1165 2721 1378 2794 subtilitate
1402 2721 1505 2815 inge-

379 2857 517 2951 nioque
537 2881 561 2930 a
584 2856 843 2952 grammaticis
861 2857 1093 2951 excogitatas
1111 2862 1309 2950 poetarum
1323 2856 1505 2950 interpre-

380 2990 580 3083 tationes⁶,
607 3014 694 3065 cum
709 2989 927 3087 simplicius
947 2990 1092 3084 aliquid
1111 2989 1314 3088 veriusque
1329 2990 1506 3086 suppedi-

381 3125 519 3200 taret⁷.
542 3126 639 3212 Quid
658 3126 759 3220 quod
777 3124 1009 3219 lepidissime
1037 3124 1233 3198 deridebat
1256 3128 1505 3198 ostentatores

381 3283 445 3334 eos
472 3261 539 3356 qui
563 3260 798 3333 eruditorum
823 3257 966 3332 famam
994 3258 1237 3353 captabantss,
1272 3263 1310 3333 et
1333 3259 1506 3354 garrulos

418 3477 426 3512 ¹
448 3478 494 3531 Cf.
507 3476 642 3544 Luciam,
661 3474 825 3540 aemonae,
840 3475 961 3530 xxvra

330 3624 334 3632 ,
417 3565 429 3600 ²
447 3567 572 3634 Gellius,
588 3564 681 3632 N.A.,
699 3565 721 3633 Ι,
733 3578 762 3619 x.

420 3663 430 3697 ³
447 3657 501 3724 Id.,
520 3654 604 3723 iota,
625 3655 673 3723 IX,
691 3666 759 3722 xnr,
782 3653 808 3707 5.
828 3654 902 3707 Eum
926 3653 1008 3720 apud
1032 3656 1154 3707 veteres
1171 3656 1315 3707 auctores
1338 3667 1398 3707 non
1419 3653 1507 3708 infre·

383 3745 519 3814 quentia,
532 3745 588 3798 sed
601 3743 730 3797 veritate
740 3743 903 3798 verborum
917 3741 1064 3796 delectari
1077 3741 1108 3795 id
1121 3755 1244 3810 quoque
1255 3745 1435 3809 argumento
1447 3745 1505 3810 est,

383 3834 475 3902 quod,
488 3835 567 3887 inter
582 3834 684 3887 omnia
699 3846 779 3901 quae
795 3833 904 3885 Fronto
918 3830 1107 3898 peritissime
1122 3831 1161 3884 de
1181 3831 1335 3884 coloribus
1346 3831 1431 3899 dixit,
1448 3832 1506 3885 boc

383 3923 515 3976 maxime
536 3923 635 3977 libens
656 3922 771 3976 audivit
791 3921 873 3989 qood
893 3921 1073 3974 varietatem
1089 3919 1242 3988 quandam
1253 3921 1322 3974 ssavi
1336 3921 1448 3975 coloris
1464 3921 1507 3973 ita

384 4013 433 4065 ille
448 4015 643 4066 enarraverat
665 4015 698 4064 ut
714 4011 777 4078 jam
800 4010 920 4063 lucidus
941 4012 972 4063 et
993 4023 1085 4062 verus
1107 4009 1195 4062 fieret
1217 4009 1303 4062 Ennii
1317 4023 1427 4063 versus
1443 4009 1507 4077 qui-

384 4102 464 4170 dam,
474 4102 525 4154 ubi
540 4115 599 4155 non
616 4104 708 4154 antea
721 4099 883 4153 videbatur
897 4099 1072 4152 caeruleum
1088 4111 1171 4152 mare
1183 4111 1252 4151 cum
1266 4111 1416 4152 marmore
1427 4100 1505 4152 ssavo

384 4191 549 4246 convenire
562 4190 628 4258 (ld,
645 4187 729 4258 iaia,
746 4189 782 4258 ΙΙ,
794 4200 877 4256 xxvr,
889 4187 991 4257 titt).

419 4279 430 4314 ⁴
449 4281 504 4350 Id,
525 4277 610 4347 iota,
629 4280 651 4348 l,
665 4291 695 4348 x,
708 4278 735 4333 4.

419 4368 505 4439 ⁵1d.,
525 4367 610 4434 ibid,
630 4369 681 4437 111,
702 4379 766 4436 xlx,
785 4365 812 4420 3.

419 4457 504 4528 ⁶111„
525 4457 610 4522 iota,
631 4458 681 4527 111,
702 4469 764 4526 xvi,
781 4454 875 4510 16-17.

419 4549 428 4583 ⁷
449 4550 503 4618 Id,
524 4546 608 4612 ibid,
631 4548 681 4616 111,
702 4558 766 4614 xlx,
786 4545 813 4600 5.

419 4637 430 4670 ⁸
449 4639 503 4707 ld,
527 4636 610 4704 itta,
633 4637 680 4706 IV,
696 4649 717 4705 r,
739 4634 824 4706 litos.
845 4634 892 4702 IV,
914 4646 933 4704 1,
954 4632 988 4688 te
1005 4651 1018 4684 (ι
1042 4647 1101 4690 nou
1125 4647 1180 4706 per
1204 4632 1444 4691 ostentationem
1469 4634 1505 4704 o).
