3676 5528
663 593 700 633 or
721 589 861 633 rxvomxo
883 589 1064 632 rurcosoruo.
1387 571 1426 632 43

301 723 356 798 ita
387 724 520 797 oderat
538 727 590 796 ·ut
617 721 685 812 eis,
722 721 794 816 joci
832 743 961 811 causa,
998 723 1158 794 mortem
1193 721 1427 794 minaretur?

302 859 446 932 Versus
485 857 587 930 enim
630 857 831 951 quosdam,
871 856 1012 950 quibus
1055 855 1256 950 Euripides
1298 857 1427 942 ἁχάλινα

302 997 432 1076 στόματα
447 991 658 1066 calamitati
680 991 808 1064 deberi
832 991 994 1081 dixerat,
1019 1013 1096 1063 non
1119 991 1166 1064 de
1194 989 1323 1084 impiis
1343 994 1428 1063 tan·

301 1131 384 1199 tum
405 1126 643 1220 accipiendos
668 1124 931 1219 profitebatur,
962 1148 981 1195 (ι
1009 1125 1074 1197 sed
1102 1125 1164 1197 vel
1192 1123 1359 1196 maxime
1382 1123 1428 1195 de

302 1261 523 1334 hominibus
551 1281 702 1354 quoque
721 1259 925 1332 immodica
953 1259 1243 1349 blaterantibus,
1265 1280 1427 1353 quorum

302 1396 528 1490 linguatam
547 1395 707 1491 prodiga
724 1395 958 1489 infrenisque
973 1400 1072 1469 esset
1092 1400 1136 1467 ut
1163 1393 1300 1466 flueret
1328 1413 1428 1464 sem-

303 1552 369 1624 per
399 1535 437 1603 et
457 1534 650 1604 aestuaret
672 1529 884 1602 colluvione
912 1529 1115 1602 verborum
1142 1527 1358 1601 teterrima¹
1390 1551 1424 1598 ι).

305 1666 408 1752 Quae
435 1664 640 1737 vehemens
656 1663 854 1737 insectatio
868 1662 1011 1757 optime
1030 1663 1133 1736 cadit
1147 1663 1186 1735 in
1202 1685 1289 1735 eum
1304 1663 1429 1735 rheto-

305 1821 390 1871 rum
416 1819 567 1892 gregem
601 1797 774 1891 quitum
802 1797 999 1870 Graeciam
1028 1797 1066 1870 'et
1094 1797 1225 1870 Asiam
1260 1797 1429 1869 concele-

308 1933 485 2005 brabant.
526 1933 719 2019 Quantum
757 1937 928 2005 mutatus
964 1933 1012 2004 ab
1046 1932 1110 2004 illo
1131 1931 1332 2011 ,Favorino
1362 1930 1429 2025 qui

305 2067 406 2160 apud
428 2065 665 2140 Hadrianum
681 2089 833 2141 summa
846 2066 970 2161 gratia
983 2066 1149 2139 valuisse
1168 2065 1308 2138 dicitur
1320 2064 1430 2159 juxta

305 2222 350 2274 oc
383 2201 565 2292 rhetores,
601 2201 751 2293 musici,
790 2208 1016 2296 geometrae,
1062 2200 1279 2294 astrologi2,
1316 2221 1429 2294 quem

306 2336 559 2428 Philostratus
603 2335 750 2408 rettulit
787 2336 1025 2429 garrulitatis
1064 2336 1196 2408 laudes
1232 2333 1430 2427 conscrip-

308 2468 436 2561 sisse³,
459 2492 572 2564 quem
585 2470 816 2543 Timocrates
835 2470 1031 2565 garrulum
1046 2454 1264 2564 appellabat
1277 2474 1302 2558 ⁴,
1316 2490 1429 2562 quem

307 2605 458 2677 Polemo
477 2627 595 2677 anum
620 2604 853 2698 increpabat,
870 2626 957 2676 cnm
977 2609 1128 2699 propter
1155 2604 1253 2676 alias
1278 2624 1427 2693 causas,

306 2744 387 2812 tum
415 2744 568 2834 propter
594 2739 762 2833 ineptam
796 2738 1110 2834 loquacitatem⁵l
1145 2739 1243 2833 Ergo
1269 2738 1432 2810 creden-

306 2875 397 2947 dum
426 2878 595 2946 osteum
623 2873 914 2968 procedentibus
945 2874 1059 2947 annis
1087 2873 1292 2967 resipuisse
1316 2877 1353 2946 et
1381 2872 1430 2944 ad

307 3009 446 3080 bonam
467 3005 613 3101 frugem
629 3028 710 3080 sese
727 3007 925 3101 recepisse.

355 3142 462 3229 Quod
490 3141 643 3236 planius
675 3141 821 3236 patebit
849 3141 1177 3215 considerantibus
1215 3141 1325 3214 nobis
1354 3163 1430 3214 non

306 3277 419 3349 modo
448 3299 524 3370 quo
543 3275 692 3349 dicendi
718 3297 853 3370 genere
887 3276 966 3370 ipse
987 3299 1080 3349 usus
1111 3277 1161 3348 sit
1189 3278 1366 3372 quodque
1394 3281 1431 3349 et

307 3411 408 3504 apud
424 3409 624 3505 scriptores
643 3410 862 3504 probaverit
880 3415 918 3483 et
935 3410 1142 3504 juvenibus
1157 3412 1430 3485 assumendum

307 3544 599 3636 existimaverit,
623 3565 757 3618 verum
791 3537 921 3635 etiam,
945 3545 1046 3638 quod
1081 3545 1205 3639 majus
1234 3549 1304 3638 est,
1335 3568 1432 3639 quas

308 3843 394 3908 Quod
407 3842 489 3910 apud
503 3854 642 3895 mensam
658 3839 808 3894 eruditius
826 3840 864 3894 de
878 3839 979 3894 ventis
992 3840 1149 3911 disseruit,
1164 3857 1223 3896 nou
1245 3847 1357 3911 sponte
1374 3831 1447 3897 hoc‘

308 3933 391 4001 fecit,
404 3930 460 3986 sed
473 3931 653 3999 rogantibus
666 3929 803 3983 convivis
814 3930 985 3984 obsecutus
995 3934 1064 4000 ·est;
1077 3946 1148 3986 mox
1164 3936 1266 3986 tamen
1282 3933 1431 4002 substitit,

308 4036 347 4076 ne
373 4021 462 4075 fieret
484 4005 623 4090 ἀκρόκσις
644 4008 835 4082 ἐπιδεικτική,
861 4023 945 4073 ratus
971 4038 984 4070 v
1010 4020 1038 4073 in
1063 4022 1202 4076 convivio
1225 4022 1308 4090 loqui
1333 4023 1432 4076 solam

308 4126 402 4165 unum
418 4125 518 4179 neque
534 4111 698 4164 honestum
713 4123 786 4162 esse
800 4122 900 4177 neque
912 4110 1107 4164 commodum
1120 4109 1431 4184 »(ld.,ib.id.,ll,xx11,

308 4198 411 4267 25-26).

345 4289 354 4325 ¹
375 4290 430 4359 ld.,
444 4286 528 4358 ibic,
543 4289 566 4357 l,
582 4300 631 4357 xv,
647 4287 691 4342 ΙΙ.

345 4376 356 4411 ²
375 4378 564 4447 Spartianus,
577 4375 764 4445 Hadrianus,
779 4378 842 4433 XVI
856 4393 863 4447 ;
880 4378 919 4434 cf.
934 4393 1038 4448 supra,
1052 4394 1082 4448 p.
1098 4379 1131 4434 ll
1149 4395 1197 4450 sq.

346 4469 356 4503 ³
374 4469 588 4536 Philostratus,
607 4465 636 4519 V.
652 4465 694 4535 S,
708 4467 731 4536 I,
747 4479 813 4537 vm,
828 4467 864 4536 63
881 4468 919 4522 cf.
935 4482 1038 4537 supra,
1056 4483 1085 4536 p.
1099 4468 1143 4523 19.

346 4556 357 4589 ⁴
374 4557 429 4626 ld.,
445 4554 529 4622 ibid,
546 4558 568 4625 l,
584 4569 655 4625 xxv,
670 4555 724 4625 233
740 4557 778 4610 cf.
797 4571 901 4625 supra,
915 4573 943 4626 p.
961 4558 1006 4610 221.

345 4646 356 4682 ⁵
375 4647 429 4720 la,
445 4645 530 4714 itta,
546 4647 568 4718 l,
585 4659 656 4719 xxv,
670 4645 721 4718 23,
739 4646 776 4700 ci.
795 4649 943 4719 suprap.
961 4647 976 4700 7
992 4650 1023 4702 et
1037 4662 1067 4719 p.
1081 4647 1125 4720 et,
1140 4649 1210 4706 adn.
1229 4649 1255 4706 4.
