3676 5528
380 546 419 606 26
874 567 964 610 axeur
985 569 1017 609 11.

381 694 476 767 mihi
510 694 642 768 videor
673 696 856 792 conjicere
894 720 1033 793 posse:
1068 720 1155 771 cum
1184 719 1251 794 per
1281 698 1506 793 dignitatem

381 827 539 922 originis
560 834 598 902 et
616 852 696 903 rem
726 831 954 904 familiarem
977 832 1012 904 ci
1035 833 1164 905 liceret
1192 831 1272 906 sive
1296 833 1399 906 domi
1426 834 1508 906 sive

381 961 495 1035 etiam
526 963 669 1036 Romae
688 966 737 1037 ad
757 967 919 1038 honores
940 966 1168 1060 promoveri,
1191 967 1419 1040 Graecarum
1438 967 1509 1039 lit-

381 1101 565 1190 terarum,
589 1120 686 1191 quas
710 1099 901 1172 Massiliae
920 1101 1078 1194 ipsaque
1102 1100 1141 1172 in
1162 1101 1313 1174 Arelate
1334 1101 1509 1174 floruisse

383 1234 566 1322 constat¹‚
599 1254 728 1305 amore
751 1239 967 1327 superante,
992 1256 1103 1307 omne
1132 1256 1245 1307 suum
1269 1235 1439 1308 studium
1468 1235 1507 1306 in

383 1363 438 1436 eis
465 1349 664 1439 collocavit
696 1389 903 1462 earumque
931 1368 1108 1462 patriam,
1134 1369 1330 1442 Graeciam
1360 1368 1509 1442 Asiam-

383 1501 470 1592 que,
488 1499 611 1572 visere
631 1501 773 1595 voluit;
794 1503 861 1575 uhi
884 1508 1087 1596 postquam
1107 1503 1247 1575 multos
1267 1525 1387 1575 annos
1405 1524 1510 1597 pere-

382 1632 557 1726 grinatus
576 1639 646 1725 est,
676 1635 771 1708 adeo
800 1638 1004 1722 ἀφηλληνίσθη
1030 1642 1073 1709 ut
1100 1636 1265 1709 Graecus
1288 1641 1403 1709 natus
1429 1658 1510 1709 esse

383 1765 609 1840 videratur&
647 1768 687 1840 Id
720 1769 875 1863 quidem
908 1769 1119 1864 conjectare
1152 1770 1262 1863 licet3
1298 1770 1391 1842 illud
1420 1791 1510 1843 vero

383 1905 527 1972 certum
555 1906 644 1974 est:
678 1924 765 1974 cum
792 1903 871 1996 jam
901 1904 1062 1976 Romam
1091 1904 1281 1994 incoleret,
1312 1909 1511 1997 praesente

317 2107 324 2113 ,
384 2034 503 2106 Gellio
522 2035 620 2107 dixit
639 2058 827 2129 «operam
846 2037 918 2110 sibi
934 2037 1143 2131 principem
1166 2043 1203 2111 et
1221 2060 1337 2132 prope
1358 2060 1509 2110 omnem

384 2167 423 2238 in
440 2167 576 2240 litteris
591 2169 877 2265 disciplinisque
891 2171 1043 2243 Graecis
1058 2172 1251 2265 sumptam
1267 2194 1389 2261 esse»,
1400 2193 1510 2244 voces

384 2307 512 2376 autem
533 2303 689 2376 Latinas
716 2329 732 2374 α
766 2305 957 2378 subsicivo
987 2310 1138 2378 tantum
1170 2311 1237 2378 aut
1260 2304 1508 2378 tumultuario

386 2436 511 2509 studio
542 2437 702 2510 coluisse
718 2463 737 2509 n
753 2436 778 2510 ³.
818 2438 990 2512 Eundem
1019 2439 1192 2512 dictitare
1222 2444 1441 2532 reputemus
1470 2439 1509 2511 id

385 2571 654 2646 admirandum
675 2572 714 2644 in
735 2595 805 2645 sua
820 2573 900 2645 vita
916 2595 996 2646 esse
1011 2574 1225 2668 quodcum
1247 2574 1377 2646 Gallus
1395 2578 1506 2662 esset,

386 2706 524 2778 Graece
556 2706 796 2799 loqueretur*
827 2731 834 2778 :
875 2708 975 2801 quod
1012 2708 1136 2780 hercle
1174 2729 1249 2778 non
1283 2707 1442 2779 dixisset
1478 2707 1509 2778 si

385 2861 517 2911 omnes
533 2839 773 2913 Arelatenses
788 2842 943 2931 Graeco,
960 2863 1037 2914 non
1057 2842 1193 2914 Latino
1209 2862 1381 2913 sermone
1397 2841 1509 2934 vulgo

386 2973 446 3047 usi
461 2974 620 3046 essent⁵.
640 2974 737 3068 Ergo
756 2977 827 3048 hoo
841 2997 991 3069 quoque
1007 2976 1061 3047 illi
1081 2975 1234 3068 quidem
1250 2975 1372 3047 dicere
1385 2974 1506 3061 licuit,

386 3130 463 3180 non
484 3108 665 3180 Romanis
685 3110 885 3182 Graecisve
901 3111 1025 3202 modo,
1044 3110 1238 3182 sedetiam
1260 3109 1377 3181 Gallis
1397 3130 1508 3181 suum

389 3243 605 3336 exemplum
642 3244 802 3337 proponi
834 3244 1015 3337 potuisse,
1054 3265 1116 3335 ne,
1147 3242 1187 3314 in
1225 3264 1264 3314 se
1302 3242 1506 3332 intuentes

387 3620 488 3673 duhae
501 3623 616 3688 natum,
630 3624 661 3674 et
676 3620 789 3674 multas
802 3620 831 3672 in
847 3619 976 3673 urhihus
998 3621 1172 3672 mercatura
1190 3617 1412 3672 celebrioribus
1427 3617 1511 3671 hahi-

386 3713 452 3762 tare
477 3709 607 3763 familias
635 3713 807 3778 equestres
833 3711 941 3776 Neque
960 3722 1033 3762 vero
1057 3707 1173 3761 diserte
1196 3706 1272 3760 dixit
1297 3707 1510 3761 Corinthiaoae

387 3799 534 3852 orationis
548 3802 655 3852 auctor
674 3799 788 3852 familia
805 3798 943 3866 equestri
965 3811 1000 3851 se
1022 3811 1095 3851 esse
1113 3801 1223 3865 ortum,
1235 3797 1292 3850 sed
1305 3787 1373 3864 ip'se
1387 3796 1509 3850 demum

386 3888 424 3942 ad
445 3892 622 3956 equestrem
644 3888 823 3955 dignitatem
840 3888 914 3942 anili
929 3887 1038 3955 potuit.
1055 3886 1143 3940 Certe
1165 3885 1342 3954 Dionysium
1358 3885 1510 3939 Milesium

387 3978 570 4046 sophistam,
584 3978 636 4045 qui
650 3992 711 4031 una
725 3991 796 4031 oum
809 3977 955 4030 Favorino
968 3977 1064 4030 fertur
1081 3990 1099 4029 a
1121 3976 1228 4030 Cassio
1248 3975 1343 4029 Dione
1361 3974 1468 4043 (LXIX,
1481 3973 1509 4041 3)

386 4067 576 4136 gratiaapud
591 4067 776 4121 Hadrianum
792 4067 938 4134 valuisse,
952 4065 1089 4134 equestri
1105 4064 1203 4119 ordini
1216 4065 1255 4118 ah
1271 4078 1307 4118 eo
1323 4064 1508 4130 imperatore

386 4158 483 4212 luisse
496 4157 687 4224 adscriptum
703 4156 819 4210 diserte
834 4156 910 4209 dixit
923 4155 1126 4210 Philostratus
1145 4153 1190 4224 (V.
1208 4153 1251 4222 S,
1265 4153 1287 4222 1,
1301 4151 1430 4222 xx11‚5).

421 4247 429 4282 ¹
451 4247 493 4301 Gt.
508 4260 612 4314 supra,
627 4261 657 4314 p.
673 4245 690 4298 3
704 4260 750 4313 sq.

421 4337 432 4371 ²
451 4337 493 4391 ct.
509 4334 592 4389 Orat.
610 4334 757 4404 Corinth,
771 4334 815 4388 26.
926 4327 928 4330 ’

421 4424 431 4458 ³
450 4426 574 4495 Gellius,
589 4423 624 4479 N.
641 4425 688 4494 A,
702 4425 778 4493 XIII,
793 4438 854 4478 xxv
866 4425 973 4494 (xxxv),
987 4424 1012 4479 l.
1023 4424 1065 4478 cf.
1082 4436 1186 4492 supra,
1200 4436 1229 4491 p.
1245 4421 1272 4491 3,
1286 4422 1359 4476 adu.
1374 4421 1392 4474 3
1405 4425 1436 4476 et
1447 4421 1474 4476 la

421 4513 432 4548 ⁴
450 4516 664 4584 Philostratus,
687 4515 716 4569 V.
730 4513 771 4584 S,
785 4515 808 4584 I,
821 4526 888 4583 viu,
901 4513 930 4570 l.

421 4604 432 4638 ⁵
451 4606 496 4660 Gl.
512 4618 616 4675 supra,
629 4620 660 4673 p.
675 4603 705 4657 3.
