3648 5528
409 535 447 594 '12
888 552 978 597 carm
998 553 1039 598 rr.

409 681 717 756 adulescentibus
742 687 941 778 praecepta
955 683 1142 776 regendae
1157 682 1260 756 vitae
1276 681 1532 756 ministranda

407 820 529 906 erant,
552 817 672 890 multo
691 817 867 908 sanioriS,
889 822 933 889 nt
955 816 1136 908 vidimuS,
1159 815 1292 911 judicii
1311 821 1394 890 erat
1413 839 1529 912 quam

407 954 451 1023 ut
464 975 480 1010 <t
497 957 525 1018 τί
544 955 660 1033 μᾶλλον
680 955 773 1030 οὕτως
793 959 810 1034 ἢ
838 958 958 1029 ἐκείνως
978 958 995 1035 ἢ
1022 953 1207 1038 obderem:
1232 976 1248 1011 ))
1270 951 1526 1044 responderet,

406 1086 475 1157 aut
493 1084 539 1157 de
567 1083 738 1177 qualibet
763 1105 804 1156 re
834 1105 882 1158 ne
913 1083 1029 1157 solem
1054 1081 1210 1178 quidem
1229 1105 1339 1177 posse
1362 1105 1530 1179 compre-

405 1217 522 1290 hendi
551 1223 740 1312 argueret,
765 1239 811 1291 ea
841 1239 978 1312 nempe
999 1217 1084 1312 ipsa
1113 1217 1409 1313 intemperantia
1436 1241 1529 1292 usus

404 1374 520 1447 quam
545 1351 584 1424 in
604 1351 690 1425 aliis
713 1352 1025 1446 reprehendebat.
1061 1352 1190 1445 ltaque
1223 1351 1339 1424 etiam
1368 1352 1408 1423 in
1434 1353 1529 1426 Aca-

403 1485 551 1561 demiae
584 1508 676 1560 suae
703 1491 916 1582 praecepte,
938 1507 1037 1580 quae
1070 1487 1118 1559 ad
1141 1487 1396 1561 cohibendum
1421 1487 1528 1583 judi-

402 1619 504 1694 cium
529 1619 785 1714 pertinebant,
813 1624 851 1693 et
875 1619 971 1692 alios
995 1619 1115 1693 facete
1142 1619 1274 1714 jocari,
1303 1621 1378 1694 nisi
1404 1622 1525 1713 iader,

402 1754 595 1827 interdum
621 1753 819 1844 tolerabat,
849 1774 972 1847 neque
999 1752 1079 1847 ipse
1110 1753 1329 1828 abstinebat
1356 1755 1450 1850 quin
1478 1756 1529 1829 le-

401 1887 501 1962 viter
518 1887 688 1961 rideret¹.
712 1887 896 1981 Denique,
924 1893 968 1960 ut
990 1907 1068 1960 uno
1087 1888 1203 1961 verbo
1235 1890 1529 1984 complectamur

401 2021 503 2116 quod
522 2021 569 2095 de
595 2042 641 2095 ea
663 2043 703 2095 re
733 2021 932 2111 sentimus,
955 2041 1072 2114 quam
1092 2021 1305 2113 scientiam,
1332 2028 1377 2095 ut
1402 2023 1481 2118 jam
1504 2046 1529 2097 a

402 2160 525 2231 sectae
538 2155 757 2228 auctoribus
771 2159 974 2248 repertam,
988 2153 1096 2227 stoici
1111 2160 1238 2228 tenera
1254 2176 1293 2228 se
1309 2156 1524 2246 credebant,

403 2311 487 2363 eam
507 2287 721 2362 Favorinus
741 2287 942 2382 diligenter
960 2307 1140 2382 quaerere
1159 2309 1236 2360 non
1255 2288 1474 2362 desistebat.

436 2639 445 2672 ¹
465 2638 553 2692 Patet
563 2637 644 2692 euim
658 2649 716 2690 non
731 2637 798 2691 siue
806 2636 876 2705 joco
887 2636 1081 2691 Plutarchum
1094 2639 1122 2692 ei
1131 2637 1271 2692 suasisse
1284 2641 1316 2690 ut
1326 2637 1365 2692 de
1376 2637 1525 2706 principio

402 2727 533 2796 trigoria,
551 2727 576 2780 si
595 2740 645 2780 res
667 2726 828 2781 obscurior
844 2726 1008 2795 videratur,
1027 2727 1188 2782 cohiberet
1199 2726 1366 2796 judicium,
1381 2730 1412 2781 et
1427 2727 1495 2796 ipse
1511 2742 1529 2781 a

401 2816 534 2872 Caecilio
565 2816 603 2870 de
633 2815 890 2870 decemviralibus
923 2816 1044 2884 legibus
1076 2816 1262 2871 sententiam
1294 2821 1420 2884 rogatus
1445 2817 1526 2871 haud

326 2961 329 2972 ,
403 2906 508 2960 hercle
529 2904 652 2972 gravius
672 2905 837 2973 recusavit,
850 2905 923 2973 quia
943 2905 1109 2959 Academia
1122 2905 1261 2973 judicare
1285 2909 1404 2959 vetaret
1423 2906 1526 2974 potius

403 3007 495 3064 quam
516 2993 670 3062 inquirere
693 2993 829 3063 (Gellius
848 2992 885 3046 N.
906 2994 953 3062 A,
971 2994 1031 3062 XX,
1052 3005 1072 3062 1,
1086 2992 1130 3062 9),
1150 3007 1294 3062 namque,
1310 2996 1344 3046 ut
1363 2994 1481 3062 opinor,
1499 2993 1528 3047 id

403 3083 615 3138 tantummodo
629 3095 736 3136 secum
750 3082 915 3150 cogitabat,
934 3096 993 3136 non
1011 3083 1105 3137 licere
1123 3083 1181 3136 sibi
1194 3083 1247 3136 tali
1264 3083 1302 3136 de
1317 3097 1349 3136 re
1366 3097 1435 3137 cum
1450 3084 1528 3151 peri·

404 3172 754 3240 tissimojurisccnsultc
770 3170 929 3238 disputare
942 3188 948 3240 ;
960 3171 1093 3240 denique
1107 3171 1258 3226 Caecilius
1272 3173 1364 3240 plane
1379 3173 1529 3248 intelleuit

405 3277 464 3316 non
491 3261 633 3330 graviter,
658 3261 715 3314 sed
748 3261 920 3329 sophistico
950 3261 1082 3329 quodam
1110 3275 1194 3316 more
1223 3276 1294 3315 eum
1329 3262 1527 3330 disputasse:

406 3371 419 3402 ι
448 3352 579 3419 Quaesc‚
608 3350 716 3419 inquit,
738 3350 919 3404 consideres
946 3350 1069 3417 gravius
1095 3351 1269 3418 cujusmodi
1296 3351 1358 3406 sint
1384 3366 1422 3406 ea
1450 3365 1529 3420 quae

405 3439 663 3509 reprehendisti..
677 3481 682 3492 .
695 3481 699 3492 .
713 3456 737 3508 .;
759 3479 836 3495 .....
843 3439 978 3507 iniquius
996 3440 1087 3507 paulo
1102 3439 1275 3494 insectatus
1291 3454 1326 3494 es
1340 3440 1442 3509 lepida
1457 3455 1529 3510 qua-

405 3530 476 3585 dam
489 3530 626 3584 sollertia
637 3529 812 3583 verborum.
824 3569 829 3581 .
843 3571 848 3582 .
861 3573 866 3584 .
878 3567 883 3580 .
896 3545 902 3597 3
924 3565 1000 3585 .....
1008 3529 1077 3583 illae
1086 3532 1157 3582 tuae
1168 3529 1347 3597 reciprocae
1358 3531 1529 3597 argutiores

406 3619 545 3689 proiecto
558 3632 650 3687 quam
663 3618 798 3673 veriores
812 3619 943 3672 fuerunt.
957 3636 970 3668 ι)
984 3617 1050 3686 (ld,
1064 3616 1148 3684 ibid,
1164 3619 1223 3687 Xll,
1236 3630 1256 3687 1,
1269 3618 1314 3687 tl,
1326 3617 1371 3687 33,
1384 3618 1442 3687 35.)
