3676 5528
693 597 729 638 nn
751 593 891 638 1116111116
914 594 1055 636 66661611.
1397 571 1436 635 19

361 725 443 820 lpse
461 730 590 800 autem
616 747 663 800 ex
688 731 857 821 tempore
875 724 952 800 leni
971 721 1136 819 quodam
1156 723 1338 797 orationis
1363 723 1437 796 flu-

314 857 415 932 mine
447 864 486 932 et
517 860 731 934 abundanti
749 861 962 966 ¹verborum
992 859 1100 952 copia
1126 858 1297 932 dicebat¹
1325 858 1436 931 etde

310 993 482 1088 qualibet
499 1016 539 1067 re
558 995 684 1068 subito
699 995 881 1068 disserere
898 991 1082 1088 potarat².
1100 993 1203 1079 Quae
1218 1015 1308 1066 vero
1326 1013 1438 1066 cons-

311 1126 487 1222 cripsisse
512 1151 536 1200 a
563 1128 792 1202 Philostrato
818 1128 994 1219 traditur,
1025 1149 1247 1221 quanquam
1275 1149 1352 1199 non
1374 1148 1438 1199 ex-

312 1265 429 1353 stant,
452 1267 580 1336 tamen
600 1264 727 1336 velex
756 1261 850 1357 ipsis
878 1261 1001 1334 titulis
1026 1261 1211 1355 suspicari
1240 1260 1326 1334 licet
1349 1283 1436 1354 gra-

311 1395 445 1469 vitatis
487 1397 658 1492 expertia
701 1395 819 1470 tuisse
862 1402 899 1470 ct
938 1395 1147 1469 infamibus
1179 1395 1234 1468 eis
1268 1395 1437 1468 materiis

310 1529 612 1621 adnumeranda,
648 1531 694 1602 de
729 1531 869 1624 quibus
902 1529 1084 1602 disserere
1122 1527 1318 1623 proprium
1355 1549 1437 1602 6666

312 1662 505 1758 sophistae
539 1664 792 1737 Philostratus
826 1660 1106 1736 existimabati.
1147 1663 1252 1735 Duae
1282 1662 1436 1756 quidem

194 1789 198 1798 “
311 1797 619 1888 declamationes,
652 1820 815 1891 quarum
849 1798 1018 1880 alteram¹
1046 1797 1230 1869 adversus
1254 1796 1434 1886 nutrices,

311 1931 496 2004 adversus
511 1932 718 2025 astrologos
737 1932 896 2004 alteram
912 1930 1054 2003 Romae
1073 1928 1287 2003 Favorinus
1301 1929 1439 2002 habuit

311 2087 482 2159 quasque
523 2085 641 2160 paene
674 2064 843 2159 integras
882 2064 1024 2137 Gellius
1067 2061 1256 2138 Noctibus
1295 2060 1438 2136 Atticis

312 2199 525 2288 mandavit,
541 2199 678 2294 dignae
699 2195 1433 2292 666666661166661616611661116661111.

312 2332 411 2419 Quid
448 2337 577 2406 autem
615 2332 721 2404 aliud
754 2354 835 2405 6666
871 2336 995 2425 potest
1027 2353 1143 2425 quam
1177 2331 1367 2404 ludicrum
1400 2335 1438 2403 et

312 2466 557 2560 nugatorium
576 2470 844 2560 argumentum
869 2466 947 2556 illa,
969 2487 1067 2559 quae
1094 2465 1212 2538 fertur
1236 2487 1260 2537 6
1289 2464 1437 2537 Philos-

312 2605 423 2690 trato,
463 2623 652 2696 nugarum
696 2601 886 2690 laudatio,
933 2605 970 2673 et
1014 2600 1100 2672 illae
1145 2600 1333 2673 orationes
1369 2621 1437 2694 pro

311 2733 586 2828 gladiatoribus
606 2734 827 2828 balneisque
846 2731 1051 2829 habitae⁵t
1066 2733 1267 2827 Quod‘quo
1281 2732 1437 2828 propius

311 2868 429 2941 tidem
472 2868 555 2959 fiat,
599 2868 737 2941 diserte
774 2873 936 2941 testatur
972 2868 1114 2941 Gellius
1150 2893 1166 2938 11
1203 2867 1436 2940 Favorinum

312 3002 450 3097 oppido
464 3024 580 3096 quam
595 3002 776 3103 libentem
788 3003 827 3074 in
847 3023 912 3074 666
927 3001 1106 3075 materias
1122 3023 1202 3074 6666
1221 3000 1400 3095 dejecisse
1416 3025 1434 3072 1)

313 3142 351 3208 66
371 3159 390 3205 11
410 3135 526 3208 tebris
540 3141 676 3230 quarto
692 3136 753 3209 die
771 3136 999 3208 recurrentis
1015 3135 1286 3229 Thersitaeque
1305 3135 1437 3207 laudes

314 3269 535 3363 suscepisse,
558 3269 598 3340 in
619 3269 759 3364 quibus
773 3270 899 3363 lepida
915 3291 1005 3342 sane
1025 3269 1148 3341 multa
1161 3273 1198 3342 et
1216 3290 1293 3340 non
1313 3267 1439 3342 facilia

314 3402 475 3476 inventu
495 3402 655 3476 dixisset
680 3426 723 3498 »3
747 3424 767 3476 e
791 3403 932 3496 quibus
953 3402 1083 3492 etiam,
1111 3402 1273 3497 exempli
1296 3402 1435 3496 gratia,

316 3559 335 3608 «
364 3537 628 3610 sententiolam
648 3559 766 3610 unam
785 3537 890 3609 haud
905 3537 1150 3610 invenustam
1167 3560 1185 3606 ›>
1202 3536 1389 3630 excerpsit
1401 3540 1440 3609 66

313 3667 502 3745 Noctibus
521 3669 664 3743 Atticis
684 3671 857 3762 inseruit,
880 3670 947 3764 qui
973 3651 1203 3764 quartanam
1229 3674 1435 3764 pateretur,

314 3804 349 3877 ei
368 3825 571 3877 novercam
600 3827 732 3896 unam,
753 3804 850 3877 duas
870 3808 999 3876 autem
1028 3825 1109 3876 6666
1137 3808 1291 3895 6166166,
1313 3803 1436 3895 idest,

314 3938 464 4011 11661166
482 3937 617 4011 dicbus
635 3939 730 4012 bene
748 3959 843 4029 6666,
861 3937 972 4010 661616
986 3959 1137 4032 quoque
1151 3939 1305 4010 demum
1324 3937 1437 4028 male,

352 4191 359 4224 ¹
380 4188 595 4260 Philostratus,
617 4187 646 4244 V.
662 4186 704 4257 S,
721 4190 825 4260 l,vr11,
841 4188 868 4244 6.

351 4277 362 4312 ²
380 4279 524 4350 Galenus,
539 4279 582 4333 De
594 4294 769 4350 praecepa,
780 4281 813 4334 V.

352 4369 361 4402 ³
379 4368 595 4439 Philostratus,
617 4367 646 4424 V.
660 4367 704 4435 S„
720 4370 742 4439 l,
759 4380 813 4437 vn,
828 4367 855 4422 2.

352 4456 363 4490 ⁴
381 4458 506 4528 Gallina,
519 4457 556 4512 N.
572 4459 619 4527 A,
635 4459 697 4528 ΧΗ,
711 4470 732 4528 1,
745 4461 777 4512 66
788 4458 862 4526 XIV,
876 4470 897 4511 1.

352 4545 363 4578 ⁵
380 4547 594 4616 Philostratus,
618 4547 647 4600 V.
663 4544 706 4615 S,
726 4546 748 4615 1,
764 4557 831 4615 vm,
847 4544 874 4615 6,
890 4545 942 4600 ubi
967 4535 1052 4615 λήρῳ
1077 4559 1095 4598 6
1117 4543 1252 4614 Kaysero
1272 4559 1327 4614 pro
1352 4527 1440 4617 ἀώρῳ

316 4635 493 4690 restitutum
507 4639 565 4690 666.
582 4635 696 4694 Nescio
707 4649 745 4689 an
761 4648 816 4703 pro
828 4634 1050 4702 gladiatoribus
1064 4635 1260 4702 responderit
1273 4635 1372 4705 Dioni,
1388 4634 1441 4704 qui

316 4738 372 4780 ecs
385 4724 474 4780 ludos
487 4725 600 4780 acriter
615 4723 866 4793 reprehenderat.
