3676 5528
687 1371 1013 1463 PRAEFATIO

338 2055 391 2129 De
411 2053 592 2127 Favorini
613 2052 848 2126 Arelatensis
869 2053 964 2145 vita,
994 2053 1145 2146 studiis,
1172 2053 1323 2149 scriptis
1345 2055 1416 2128 hos

289 2189 457 2263 maxime
476 2187 577 2282 apud
596 2191 744 2260 veteres
763 2186 950 2260 habemus
969 2192 1142 2260 auctores
1160 2196 1173 2260 :'

336 2322 504 2418 primum
524 2320 570 2393 Α.
601 2320 795 2410 artuum,
824 2321 904 2415 qui,
933 2343 1020 2394 cum
1047 2321 1268 2395 adulescens
1294 2322 1416 2397 Favo

287 2456 364 2530 rini
383 2455 626 2550 disciplinam
652 2459 818 2528 sectatus
839 2459 951 2545 esset,
973 2477 1019 2528 ea
1043 2477 1143 2549 quae
1167 2455 1415 2531 disserentem

287 2612 375 2664 oum
395 2588 528 2662 amicis
554 2592 591 2661 et
614 2586 811 2681 discipulis
837 2587 1162 2662 declamantemve
1189 2589 1414 2683 magistrum

287 2723 368 2818 ipse
405 2721 620 2812 audiverat,
652 2719 829 2815 plurimis
859 2719 1046 2796 Noctium
1074 2718 1295 2796 Atticorum
1322 2723 1415 2798 locis

285 2855 456 2951 rettulit;

335 2987 473 3061 deinde
500 2988 810 3078 cenomanum,
842 2989 908 3083 qui
937 2989 977 3062 in
1011 2987 1106 3062 Vitis
1140 2986 1414 3085 Sopttsmrom

286 3121 472 3195 nonnulla
491 3120 537 3194 de
561 3120 643 3216 ejus
665 3121 760 3212 vita,
778 3121 925 3212 amicis,
947 3122 1157 3217 discipulis,
1172 3123 1411 3218 aequalibus

286 3255 450 3350 scriptis,
467 3254 617 3328 dicendi
637 3254 784 3329 ratione
803 3256 989 3329 narravit.

337 3389 535 3462 Praeterea
566 3411 590 3462 a
616 3389 825 3463 Pnorlaouo
854 3389 961 3485 (nam
988 3390 1021 3463 is
1044 3411 1194 3485 quoque
1223 3389 1413 3465 Favorino

286 3521 439 3596 videtur
475 3520 715 3595 familiariter
741 3544 824 3596 esse
857 3545 979 3618 usus3
1005 3523 1054 3597 cl.
1087 3523 1205 3615 inira,
1240 3547 1277 3618 p.
1304 3524 1343 3619 6)
1375 3530 1413 3598 ot

286 3656 441 3730 Lucrino
468 3655 531 3750 (ci.
564 3654 677 3746 inira,
703 3679 741 3750 p.
773 3657 809 3751 7)
832 3677 955 3750 pauca
983 3656 1125 3729 tradita
1153 3657 1340 3730 habemus
1366 3659 1412 3732 de

285 3789 369 3885 ejus
395 3788 532 3863 studiis
555 3793 593 3862 et
619 3788 723 3864 iama
746 3795 784 3863 et
808 3790 931 3863 forma
956 3790 1136 3885 corporis,
1160 3811 1307 3864 necnon
1331 3797 1369 3865 et
1389 3815 1412 3866 a

320 4084 329 4118 ¹
350 4085 384 4138 A.
403 4083 490 4138 Gellii
506 4079 648 4136 Noctium
667 4081 839 4136 Atticorum
857 4080 929 4136 libri
948 4081 1006 4150 XX,
1030 4097 1068 4138 ex
1088 4084 1271 4139 recensione
1291 4085 1410 4140 Martini

286 4171 373 4241 Herz,
393 4172 442 4226 ed.
461 4171 560 4226 minor
581 4172 632 4240 11³,
652 4171 784 4241 Lipsiae,
806 4172 880 4226 Bibl.
901 4172 1051 4241 Teubner,
1076 4170 1156 4227 1886.
1178 4172 1254 4228 Vide
1274 4173 1410 4229 Iudicem

285 4276 397 4330 rerum,
412 4275 437 4315 S.
454 4275 482 4315 v.
499 4260 675 4315 Favorinus.

319 4348 331 4383 ²
350 4349 442 4404 Flavii
462 4349 638 4405 Philostrati
659 4363 739 4419 quae
760 4354 930 4418 supersunt
949 4350 1045 4406 edidit
1065 4350 1141 4405 c-L.
1158 4351 1284 4421 Kayser,
1299 4352 1410 4422 Turiei,

284 4438 364 4494 1844.
381 4439 529 4508 (vitarum
542 4438 709 4506 peculiaris
725 4439 820 4494 editio
837 4439 900 4508 jam
916 4453 996 4494 anno
1018 4437 1089 4493 1838
1110 4441 1149 4494 ab
1174 4440 1284 4495 eodem
1304 4446 1412 4496 curata

284 4528 408 4596 iuerat.)
425 4557 458 4568 —
473 4527 741 4594 Philostratorum.
753 4573 759 4585 .
771 4567 777 4582 .
790 4571 795 4582 .
815 4542 912 4597 opera
924 4529 1102 4597 recognovit
1115 4529 1265 4584 Antonius
1278 4529 1412 4586 Wester·

285 4631 388 4687 mann,
399 4617 536 4687 ParisiiS,
548 4615 622 4672 Bibl.
638 4617 739 4687 Didot‚
752 4615 832 4673 1846.
