3648 5528
404 541 444 602 112
893 561 983 604 carru
1004 563 1044 604 rv.

401 690 512 782 libro,
534 691 601 766 ubi
621 691 856 784 Onesimum,
888 691 1081 766 Plutarchi
1100 713 1250 766 sertum
1263 701 1287 785 ¹,
1308 717 1394 768 cum
1420 695 1525 792 Epic-

402 830 479 900 teto
499 825 776 921 colloquentem
795 827 1033 902 induxerat2.
1049 827 1131 915 Qua
1150 827 1196 901 do
1214 850 1254 902 re
1274 830 1438 904 maxime
1466 831 1525 904 in-

403 965 461 1034 ter
479 981 519 1034 se
534 961 794 1056 discreparent
808 961 993 1056 suspicari
1012 961 1110 1052 licet,
1133 962 1165 1035 si
1183 968 1404 1057 reputamus
1421 966 1525 1038 aliud

403 1093 584 1169 Favorini
616 1119 712 1190 Opus
746 1099 825 1186 Περὶ
861 1113 915 1182 τῆς
948 1103 1172 1180 narniensium
1210 1106 1365 1184 φαντασίαις
1410 1099 1524 1172 fuisse

403 1229 644 1324 inscriptum,
666 1230 776 1326 cujus
800 1234 876 1303 tres
909 1229 995 1302 libri
1020 1231 1183 1327 Drysoni
1209 1237 1247 1305 et
1275 1232 1464 1307 Hadriano
1488 1240 1525 1307 et

403 1366 627 1440 Aristarcho
647 1365 811 1440 dedicati
831 1363 973 1439 eraut³.
992 1365 1277 1456 Contendebant
1302 1367 1403 1440 enim
1430 1369 1525 1441 Zeno

401 1505 440 1572 et
455 1501 694 1597 Chrysippus
708 1499 1041 1595 comprehensibili
1057 1501 1222 1595 quadam
1239 1509 1376 1593 φαντασίᾳ
1393 1524 1524 1575 verum

401 1657 511 1729 posse
530 1634 686 1729 percipi,
708 1655 808 1728 quae
831 1633 1025 1728 penitusa
1052 1633 1149 1708 falsa
1169 1624 1389 1729 'differret⁴;
1411 1656 1525 1730 negu-

401 1771 495 1842 bant
526 1790 616 1843 vero
649 1766 861 1842 Arcesilas5
892 1773 930 1841 et
958 1768 1183 1858 Carneadea,
1205 1789 1323 1862 aeque
1342 1789 1387 1842 ac
1424 1769 1525 1864 Pyr-

401 1903 542 1995 rhonii,
565 1904 771 1998 quicquam
792 1924 902 1997 posse
923 1903 1189 1996 comprehendi
1209 1923 1414 1997 veramque
1431 1903 1525 1976 ima-

401 2038 530 2132 ginem
568 2037 782 2111 necessario
810 2059 834 2110 a
866 2037 963 2110 falsa
998 2035 1185 2110 differre:
1219 2037 1259 2109 in
1291 2037 1362 2110 hoc
1398 2043 1524 2110 autem

401 2151 510 2260 libro,
543 2170 574 2242 si
604 2171 745 2243 Gelono
779 2170 981 2260 credimus,
1011 2169 1223 2244 Favorinus
1244 2193 1393 2266 quoque
1423 2171 1526 2244 acri-

401 2311 460 2378 ter
484 2306 744 2378 demonstrare
772 2306 985 2378 conabatur
1014 2304 1160 2377 nullam
1193 2326 1275 2379 esse
1301 2311 1523 2389 καταληπτικὴν
1643 2283 1648 2292 ’

403 2445 571 2526 φαντασίαν.
595 2438 697 2510 ldem
717 2439 757 2510 in
777 2435 981 2512 Alcibiade
996 2439 1147 2512 dicebat
1163 2438 1359 2534 probabile
1379 2437 1451 2511 sibi
1469 2437 1526 2510 vi-

401 2572 481 2644 deri
497 2571 595 2644 nihil
613 2593 723 2667 posse
741 2572 1048 2666 comprehendit.
1068 2572 1147 2645 Aut
1165 2572 1205 2644 in
1219 2571 1284 2645 illo
1308 2570 1430 2646 111110ἵ
1459 2575 1527 2644 aut

402 2708 442 2781 in
477 2705 570 2780 hoc⁸
603 2712 671 2781 aut
698 2707 825 2800 potius
858 2705 898 2778 in
923 2705 1021 2779 libro
1067 2709 1153 2795 Πρὸς
1184 2707 1362 2791 ’Ericinio
1393 2703 1526 2798 opinor

401 2841 524 2914 obiter
548 2863 636 2915 eum
656 2840 935 2914 demonstrasse
956 2847 1029 2924 μηδὲ
1050 2850 1099 2908 τὶν
1122 2846 1206 2923 hlaiv
1227 2839 1303 2923 εἷνᾳι
1322 2843 1523 2922 καταληπτόν.

401 2975 529 3069 Neque
549 2974 651 3047 enim
667 2974 764 3047 dixit
786 2974 953 3047 Galenus
971 2973 1200 3068 peculiarem
1220 2971 1359 3045 librum
1379 2991 1425 3044 ea
1444 2969 1526 3064 ipsa

438 3291 444 3324 ¹
467 3291 572 3344 Fertur
584 3293 677 3358 atque
692 3288 846 3344 inducitur
859 3302 877 3342 a
891 3287 988 3342 Tauro
1001 3298 1126 3356 quoque
1141 3283 1223 3352 apud
1235 3283 1363 3338 Gellium
1380 3281 1429 3352 (N.
1444 3281 1491 3352 A,
1502 3283 1524 3351 1,

402 3379 487 3445 xxti)
499 3391 607 3433 servus
620 3377 935 3448 Plutarchi,-nequam
947 3377 1037 3430 homo
1055 3378 1087 3430 et
1100 3377 1275 3442 contumax,
1294 3371 1350 3428 sed
1367 3372 1454 3428 libris
1467 3371 1526 3426 dis-

401 3467 675 3535 putationibusque
689 3466 904 3534 philosophiae
917 3478 1009 3520 aures
1025 3463 1160 3518 imbutas
1177 3462 1306 3518 habeus.
1423 3531 1425 3536 Ι

437 3555 447 3589 ²
466 3557 498 3610 lu
513 3555 589 3610 libro
607 3541 691 3626 Πρές
717 3538 896 3622 'Eutimia
912 3555 1067 3622 (Galenus,
1085 3551 1129 3606 Dc
1150 3555 1209 3622 opt.
1226 3551 1333 3620 docta,
1350 3564 1379 3621 13
1396 3549 1451 3619 1,41
1468 3549 1523 3618 lh).

400 3645 474 3698 Cum
491 3658 564 3699 vero
587 3644 668 3698 aliud
689 3645 826 3698 Favorini
844 3658 923 3712 opus
941 3628 1019 3713 Περὶ
1034 3642 1089 3709 τῆς
1109 3623 1336 3707 Ἀκαδημαϊκῆς
1355 3629 1523 3704 διαθέσεως,

401 3734 452 3788 nbi
468 3734 535 3788 sine
554 3734 647 3788 dubio
670 3733 708 3788 de
726 3733 845 3788 eisdem
869 3733 963 3787 rebus
983 3731 1141 3799 agebatur,
1158 3730 1340 3785 Plutarchus
1357 3729 1525 3796 inscriptus

400 3827 488 3877 esset
502 3822 575 3892 (ld,
590 3820 662 3876 ibid.
676 3839 683 3891 ;
698 3823 735 3876 cs.
755 3837 785 3890 p.
804 3821 831 3891 6,
846 3821 915 3876 adn.
929 3819 968 3890 3),
985 3821 1080 3874 Zeller
1093 3817 1163 3888 (Ph.
1180 3817 1209 3872 d.
1227 3817 1291 3887 Ga,
1305 3817 1367 3887 111³,
1383 3829 1417 3887 11,
1433 3831 1463 3885 p.
1479 3813 1524 3884 67,

400 3911 470 3965 adn.
486 3911 523 3980 1),
538 3911 619 3965 haud
632 3911 708 3965 miro
725 3925 837 3979 errore,
850 3910 941 3965 ambo
955 3923 1050 3977 opera
1066 3908 1199 3962 miscuit.

434 3998 445 4030 ³
464 4001 607 4068 Galenus
624 3999 667 4052 De
682 4004 740 4070 opt.
756 3999 863 4065 docta,
880 4011 907 4067 13
928 3999 1043 4067 14211.

435 4088 444 4122 ⁴
464 4089 580 4158 Cicero,
594 4088 696 4152 Accd,
711 4089 748 4157 ll,
763 4087 861 4157 17-183
879 4089 966 4154 Diog.
984 4087 1026 4155 L.,
1040 4085 1157 4156 111146.

436 4177 446 4210 ⁵
465 4179 581 4247 Cicera,
596 4176 698 4247 Acad,
712 4178 749 4246 Il,
765 4177 809 4231 77.

434 4267 445 4299 ⁰
464 4268 608 4336 Galenus
624 4266 666 4319 Dc
681 4271 739 4335 opt.
762 4265 869 4335 docta,
883 4278 912 4335 ¹3
929 4267 950 4334 I,
967 4265 998 4318 tt
1017 4266 1050 4318 K.
1067 4265 1109 4319 Ex
1125 4263 1260 4318 Platonis
1274 4263 1404 4330 dialogis
1419 4262 1523 4330 operis

400 4357 520 4410 titulum
542 4356 669 4412 ductum
685 4369 759 4412 esse
775 4355 914 4409 arbitror.
939 4355 983 4409 ct.
1003 4355 1037 4408 11.
1055 4353 1174 4408 Hirzelii
1197 4352 1274 4406 alias
1296 4351 1335 4406 de
1357 4351 1416 4406 hoc
1435 4351 1522 4405 titulo

399 4445 594 4513 coniecturas
611 4443 686 4515 (Der
705 4444 823 4512 ciulac,
840 4444 877 4513 Il,
891 4459 920 4512 p.
935 4442 998 4511 122,
1013 4443 1083 4497 adn.
1096 4442 1135 4510 2).

434 4531 444 4565 ²
463 4531 509 4586 Ita
523 4533 667 4600 opinatur
680 4533 784 4601 Zeller,
799 4531 854 4586 Ph.
869 4531 901 4589 d.
923 4530 966 4586 Gr
980 4574 987 4602 ,
1001 4530 1064 4601 111³,
1076 4543 1110 4600 11,
1125 4545 1154 4600 p.
1166 4529 1211 4600 et,
1225 4529 1295 4585 adn.
1306 4529 1333 4584 1.

434 4621 444 4654 ⁸
462 4622 509 4675 Ita
523 4622 666 4690 opinatur
681 4622 806 4690 Matres
821 4637 865 4691 op.
883 4621 975 4689 laud,
992 4636 1022 4690 p.
1037 4621 1082 4674 90.
