3676 5528
392 559 432 619 33
881 573 973 618 error
992 575 1023 616 n.

391 711 467 796 tur,
489 727 534 780 ea
553 710 652 778 certe
673 709 796 778 aetate
815 727 892 800 qua
911 704 1070 778 Romam
1091 705 1291 797 incolebat,
1313 707 1379 779 sed
1394 707 1514 780 multo

390 844 479 914 ante
499 839 739 929 Antiochiae,
760 861 847 912 cum
872 839 912 910 in
934 839 1074 932 templo
1093 840 1281 933 Apollinis
1300 840 1512 935 Daphnaei,

390 996 466 1068 quo
486 973 678 1068 sophistae
697 971 899 1046 convenire
915 973 1099 1063 solebant,
1116 996 1203 1047 cum
1224 975 1413 1048 Gordiano
1427 996 1515 1048 con-

390 1112 620 1198 versaretur,
651 1106 734 1201 ejus
760 1106 1023 1181 conscribendi
1051 1108 1252 1181 consilium
1281 1108 1368 1182 iniit
1386 1110 1412 1200 ¹,
1445 1131 1514 1182 nee

389 1240 549 1314 dubium
576 1245 633 1313 est
657 1241 751 1334 quin
772 1241 811 1312 in
832 1239 990 1314 Graecia
1018 1240 1184 1335 Asiaque
1211 1242 1407 1315 materiem
1431 1241 1514 1336 ejus

389 1373 594 1467 collegerit.
617 1374 713 1446 Nam
732 1373 986 1446 Philostratus
1004 1374 1132 1446 minus
1146 1375 1254 1448 libris
1269 1380 1382 1449 antea
1397 1375 1514 1470 scrip-

388 1507 438 1580 tis
457 1508 709 1580 videturesse
729 1529 822 1579 usus
836 1529 953 1600 quam
970 1518 1162 1580 sermones
1181 1509 1324 1603 eosqui
1350 1509 1455 1582 lama
1473 1510 1513 1582 in

388 1642 584 1714 rhetorum
600 1641 739 1714 scholis
759 1641 1008 1714 tradebantur
1026 1641 1251 1734 excepisset

439 1775 630 1863 Quantam
664 1797 754 1848 vero
787 1775 939 1848 laudem
973 1774 1012 1846 in
1047 1775 1203 1848 Graecia
1235 1782 1433 1850 assecutus
1465 1769 1515 1851 'sit

389 1908 602 1982 Favorinus
630 1930 717 1982 cum
746 1930 794 1981 ex
820 1907 906 1980 aliis
929 1907 1157 1980 testimoniis
1177 1909 1393 2004 intellegere
1411 1910 1511 2003 licet,
1605 1905 1609 1916 “

388 2049 544 2117 tumen
572 2042 638 2114 illa
667 2063 786 2115 aenea
806 2046 933 2114 statua
952 2043 1002 2113 ab
1029 2042 1329 2117 Atheniensibus
1348 2045 1472 2139 posita
1484 2043 1510 2118 ³.
1546 2051 1551 2062 '

389 2176 563 2250 Forsitan
579 2175 693 2248 etiam
710 2197 733 2248 a
749 2175 956 2248 Corinthiis
972 2176 1101 2249 eodem
1118 2177 1260 2251 honore
1275 2177 1325 2250 sit
1338 2179 1511 2270 affectus,

295 2285 323 2412 ⁶,
390 2311 578 2406 siqnidem
600 2310 666 2383 illa
685 2310 927 2383 Corinthiaco
955 2311 1089 2402 oratio,
1113 2333 1211 2404 quae
1239 2312 1371 2386 Dionis
1393 2313 1515 2407 operi-

389 2447 462 2520 bus
490 2445 556 2517 diu
590 2444 782 2538 adscripta
810 2443 896 2533 tuit,
932 2467 1035 2517 nunc
1067 2444 1186 2516 multo
1214 2443 1461 2518 verisimilius
1491 2468 1515 2518 a
1621 2470 1626 2479 ·

389 2578 578 2652 Favorino
598 2577 732 2650 habita
747 2577 864 2649 tuisse
884 2576 1159 2650 existimatur&
1182 2575 1289 2649 Certe
1309 2577 1414 2650 nullo
1431 2577 1515 2672 jure

425 2846 434 2882 ¹
455 2843 670 2912 Philostratus,
691 2840 721 2898 V.
736 2839 777 2911 S.,
791 2841 887 2910 prael.

425 2933 436 2967 ¹
455 2933 510 3002 ld,
526 2930 610 3001 itta,
627 2930 789 3000 Ι,111111,6;
805 2931 841 3000 ΙΙ,
855 2943 898 2999 rx,
913 2929 940 2984 5.

426 3020 731 3090 ³ld.,ibid.,l,v111,
750 3019 767 3072 3
783 3037 790 3088 ;
809 3019 847 3074 cf.
867 3033 970 3088 supra,
989 3033 1019 3086 p.
1038 3017 1066 3072 8.
1085 3019 1127 3072 Cf.
1147 3020 1239 3073 etiam
1259 3019 1412 3090 Philostr,
1428 3019 1512 3088 itta,

391 3115 413 3182 I,
429 3111 545 3181 xx111,2
560 3111 590 3164 in
605 3110 666 3164 ilne
679 3111 728 3178 (de
744 3109 864 3163 duobus
875 3108 999 3163 Lolliam
1012 3109 1123 3162 statuis
1139 3109 1253 3163 erectis
1271 3109 1309 3163 ab
1324 3110 1515 3165 Atheniensi·

391 3203 471 3271 bus),
492 3205 524 3256 et
544 3200 805 3267 Videt-Lablache,
823 3197 940 3251 Herode
953 3196 1078 3266 Atticus,
1091 3213 1120 3266 p.
1134 3197 1178 3252 87.

426 3290 436 3324 ⁴
456 3289 626 3359 Emperius,
648 3288 688 3341 Dc
715 3286 852 3340 oratione
876 3286 1071 3341 Corinthiaco
1094 3287 1171 3355 salso
1194 3285 1286 3340 Dioni
1308 3286 1514 3358 chrysostomo

391 3381 533 3450 ascripto,
550 3380 687 3448 Brunsv.,
700 3376 780 3447 1832,
792 3392 822 3446 p.
831 3376 914 3430 toll
926 3375 1096 3446 (opuscula,
1108 3377 1155 3431 ed.
1171 3377 1393 3447 Schneidewin,
1403 3379 1513 3448 Goett.,

391 3470 482 3538 1817).
499 3469 541 3524 Cf.
556 3468 577 3522 Ι.
592 3468 665 3523 Geel
682 3465 771 3536 (Adra.
788 3465 821 3519 in
837 3464 943 3519 Dionis
957 3481 1011 3534 or.,
1024 3480 1055 3534 p.
1072 3465 1122 3519 341
1141 3467 1233 3534 sqql,
1248 3467 1298 3534 qui
1313 3466 1355 3520 ita
1367 3467 1515 3534 judicavit

392 3560 576 3628 Emporium,
590 3558 650 3612 etsi
669 3558 746 3611 satis
763 3557 895 3625 probare
908 3555 1083 3624 opinionem
1100 3570 1187 3610 suam
1201 3556 1335 3610 nondum
1349 3557 1514 3627 potuisset,

392 3654 495 3703 tamen
516 3662 554 3702 ea
573 3646 777 3714 sagacissime
797 3644 972 3712 conjecisse
990 3658 1069 3712 quae
1083 3644 1267 3712 redarguere
1280 3645 1403 3699 difficile
1417 3650 1513 3701 esset.

392 3769 426 3776 -
448 3738 480 3792 Ε.
505 3737 618 3805 Μ3333,
642 3735 684 3788 Dc
708 3732 880 3803 btopraphts
906 3732 1029 3787 Graecis
1052 3732 1177 3803 (Philet.
1203 3733 1330 3802 Uetera,
1347 3734 1396 3804 III,
1413 3734 1514 3806 1880„

392 3828 565 3897 Epimetra:
585 3826 607 3894 l,
636 3826 675 3877 Dc
702 3822 845 3878 Favorini
869 3821 1005 3876 oratione
1031 3821 1236 3892 Corinthiaco,
1258 3838 1288 3891 p.
1314 3822 1367 3876 133
1386 3839 1455 3893 sqq.
1481 3855 1514 3864 -
1611 3845 1612 3850 ¹

391 3920 438 3974 W.
454 3915 564 3984 Christ,
575 3913 676 3968 Gcsclr.
692 3913 746 3967 der
759 3911 872 3982 griech.
889 3911 957 3968 titt.
969 3913 981 3946 ²
993 3911 1095 3982 (4890),
1106 3927 1136 3980 p.
1153 3912 1216 3983 595,
1232 3913 1301 3968 adn.
1315 3912 1341 3968 6.
1358 3944 1391 3952 —
1405 3915 1439 3968 H.
1455 3929 1514 3969 von

393 4007 495 4063 Arnim
520 4002 639 4074 (Dionis
664 4001 857 4056 Prucaecnaic
884 4018 958 4072 quae
981 4005 1087 4055 extant
1111 4017 1200 4070 opera
1223 4001 1336 4072 omnia,
1360 4004 1407 4060 ed.
1432 4005 1456 4060 J.
1476 4004 1514 4059 de

393 4092 619 4164 Α1111111,1896),
646 4093 704 4147 vol.
730 4093 766 4161 II,
789 4093 895 4162 prael,
915 4106 946 4159 p.
968 4101 1025 4145 111:
1056 4107 1068 4143 1
1092 4091 1266 4146 Orationem
1291 4092 1514 4148 Corinthiacam

394 4184 573 4254 (XXXVII)a
588 4181 741 4237 Dindorfio
757 4182 795 4236 ad
815 4182 907 4235 finem
921 4182 1086 4248 relegatam
1108 4181 1136 4234 io
1153 4195 1242 4234 suum
1262 4182 1364 4236 locum
1379 4183 1514 4252 reposui,

393 4278 427 4329 ut
440 4273 578 4328 ordinem
588 4272 627 4325 ab
641 4274 766 4325 auctore
780 4270 870 4338 hujus
884 4269 1076 4325 collectionis
1088 4270 1261 4324 institutum
1275 4285 1433 4341 sequerer,
1445 4285 1514 4326 cum

392 4361 575 4432 praesertim
602 4360 679 4414 aliae
702 4374 825 4428 quoque
853 4360 1008 4414 orationes
1034 4360 1157 4427 spuriae
1183 4360 1324 4427 genuinis
1344 4361 1514 4428 permixtae

393 4454 576 4520 legerentur.
591 4449 676 4515 Quod
697 4462 769 4503 vero
790 4449 1015 4503 Corinthiacam
1037 4449 1183 4518 Anonymi
1206 4463 1279 4504 esse
1301 4449 1414 4518 scripsi
1434 4465 1515 4505 nunc

392 4539 540 4611 paenitet.
562 4539 640 4596 Nam
660 4537 838 4605 conjectura
854 4538 892 4592 de
919 4537 1065 4592 Favorino
1087 4538 1154 4605 ejus
1174 4542 1300 4593 auctore
1321 4539 1398 4593 satis
1419 4539 1515 4594 sirmis

393 4612 582 4699 argumentis
607 4626 744 4682 stabilita
765 4631 823 4682 est.
848 4646 861 4678 o
881 4657 914 4666 -
936 4625 1514 4700 3110111311,υῑεαητίὴεΚιιηειρνωα,
