3676 5528
681 610 718 653 na
739 607 879 656 ravomuo
900 607 1083 653 barcusorum.
1408 592 1448 655 39

320 739 436 813 cratis
450 740 647 813 method0¹
669 739 811 835 optime
834 762 941 830 usus,
962 739 1135 814 confiteri
1155 740 1276 835 coegit
1301 741 1446 814 nescire

320 897 360 948 so
383 875 484 969 quod
506 874 586 968 ipse
614 875 709 947 alios
736 875 870 948 docere
900 873 1096 966 voluisset,
1125 875 1218 969 quid
1243 895 1367 970 penus
1393 875 1447 948 si-

319 1009 545 1105 gniticaret3
575 1031 632 1100 ac,
654 1010 747 1082 dum
767 1031 855 1082 eum
871 1009 1101 1104 interrogare
1125 1031 1164 1082 so
1190 1009 1358 1099 simulat,
1380 1011 1446 1082 do-

321 1144 400 1217 cuit
432 1166 509 1216 non
536 1144 697 1217 definire
722 1142 891 1239 potuisse
914 1144 1074 1216 verbum
1099 1143 1193 1216 illud
1224 1165 1346 1238 neque
1374 1144 1446 1216 cir-

321 1279 586 1370 cumscribere,
599 1282 643 1352 ut
662 1279 768 1368 solet,
785 1275 924 1374 periere
933 1277 1133 1373 proposito
1149 1282 1187 1351 et
1205 1275 1446 1374 differentiis

321 1411 543 1510 oppositis&
565 1413 620 1486 ita
638 1417 682 1486 ut
701 1416 911 1485 ostentator
929 1411 992 1485 ille
1010 1434 1097 1485 cum
1119 1409 1349 1509 philosopho
1364 1433 1445 1486 rem

321 1571 402 1623 sese
422 1548 604 1622 habuisse
619 1550 876 1643 agnosceret³.

369 1684 455 1756 Jam
475 1705 564 1756 vcro
585 1682 623 1754 id
642 1682 769 1776 ipsum
783 1684 885 1778 quod
901 1683 941 1756 in
952 1683 1231 1778 significatione
1242 1685 1446 1758 verborum

321 1817 569 1913 expendenda
578 1839 757 1912 magnam
768 1817 1005 1912 diligentiam
1017 1818 1225 1891 adhibebat
1239 1820 1358 1891 multo
1367 1841 1448 1891 ma-

320 1953 378 2048 gis
396 1952 612 2048 philosophi
640 1975 757 2046 quam
778 1952 970 2046 sophistae
989 1957 1058 2026 est.
1082 1953 1192 2044 Nam,
1211 1952 1243 2025 si
1263 1953 1445 2026 Frontoni

321 2087 465 2178 medae,
493 2108 569 2180 quo
596 2062 664 2157 vix
692 2107 924 2180 quemquam
945 2087 1161 2181 peritiorem
1187 2087 1445 2182 sophistarum

321 2221 415 2294 artis
434 2221 612 2314 reperias,
644 2244 663 2292 «
690 2220 757 2314 qui
777 2242 817 2293 se
836 2220 876 2292 in
897 2221 1084 2315 ejusmodi
1104 2223 1217 2294 rebus
1236 2221 1446 2295 scribendis

321 2355 511 2428 exercebit
536 2354 604 2450 (sc.
637 2354 677 2426 in
709 2353 849 2449 quibus
878 2356 1047 2428 rhetores
1075 2356 1268 2430 elaborare
1292 2357 1443 2449 solent),

321 2490 472 2563 crebras
495 2489 704 2562 sententies
727 2488 924 2583 conquiret
947 2511 1087 2584 easque
1105 2491 1221 2563 dense
1249 2491 1448 2564 collocabit

321 2631 359 2698 ct
392 2623 583 2697 subtiliter
614 2622 849 2719 conjunget3
879 2679 985 2696 .......
991 2628 1073 2697 tum
1103 2647 1254 2698 omnem
1288 2629 1446 2698 senten-

321 2760 414 2832 tiam
444 2759 611 2832 breviter
637 2763 676 2830 et
703 2758 794 2831 scite
815 2759 1013 2832 concludet
1018 2815 1109 2832 ......
1118 2817 1127 2851 ,
1156 2785 1174 2831 n
1205 2761 1446 2854 eniteturqua

320 2897 364 2966 ut
398 2917 417 2963 «
452 2913 499 2965 ne
530 2892 624 2987 quid
653 2893 923 2965 inconcinnum
954 2894 1015 2966 vel
1046 2893 1217 2967 hiulcum
1245 2894 1445 2988 relinqua-

320 3026 414 3100 tur*
450 3051 484 3098 n.
524 3027 737 3100 Favorinus
774 3033 921 3119 autem,
959 3029 990 3100 si
1024 3028 1106 3123 ejus
1143 3029 1382 3103 sermonibus
1422 3053 1446 3102 a

321 3163 438 3236 Gellio
461 3163 595 3235 ‘relatis
621 3185 752 3236 aurem
779 3165 957 3258 praebere
983 3164 1088 3256 libet,
1111 3187 1310 3259 nunquam
1333 3167 1446 3239 disci-

320 3299 429 3392 pulos
457 3299 684 3371 hortabatur
705 3303 749 3371 ut
769 3296 943 3371 diflicilia
963 3299 1124 3372 inventu
1148 3303 1186 3372 et
1211 3301 1342 3394 qualia
1366 3325 1444 3374 uon

320 3431 420 3504 alius
434 3431 594 3504 dixisset
608 3431 798 3526 fingerent
812 3436 880 3504 aut
898 3432 1109 3506 orationem
1128 3433 1334 3507 subtilibus
1361 3458 1446 3509 sen-

320 3565 489 3639 tentiolis
516 3571 698 3639 ornarent
722 3565 784 3638 vel
805 3566 933 3660 potius
960 3567 1204 3639 detornarent
1229 3571 1297 3639 aut
1327 3570 1445 3642 verba

288 3735 291 3742 v
320 3700 474 3773 anxiose
501 3704 728 3794 quaererent
754 3700 894 3794 quibus
923 3722 1034 3774 aures
1056 3699 1332 3795 jucundissime
1353 3725 1445 3798 per-

322 3835 590 3925 mulcercntur‚
622 3836 687 3908 sed
715 3835 865 3929 proprie
892 3841 929 3908 et
964 3835 1112 3929 signate
1145 3836 1312 3910 dicerent
1343 3839 1445 3932 quod

321 3970 523 4059 sentirent,
562 3973 621 4058 ut,
660 3971 983 4063 quemadmodum
1026 3971 1170 4064 corpori
1215 3972 1350 4062 vestis,
1391 3972 1445 4044 sic

321 4106 561 4198 verbaapte
597 4106 712 4178 rebus
748 4106 1005 4178 cohaererent.
1042 4104 1124 4198 Ipse
1154 4105 1253 4178 dixit
1287 4107 1372 4180 ideo
1405 4129 1444 4180 sc

358 4333 366 4367 ¹
388 4331 430 4387 Cf.
447 4332 482 4386 R.
499 4327 870 4398 hirze1,DerDia109,11‚
886 4345 916 4397 p.
929 4327 996 4386 121.

357 4421 368 4456 ¹
388 4421 513 4488 Gellius,
525 4417 561 4473 N.
575 4418 621 4487 Α.,
638 4419 685 4488 IV,
701 4431 721 4487 1,
737 4417 810 4473 l-I3.

357 4509 367 4542 ³
386 4511 440 4578 la,
454 4507 537 4578 ibid,
552 4509 599 4578 IV,
613 4520 634 4578 1,
649 4508 693 4562 13.
710 4508 785 4564 Vide
798 4509 891 4563 etiam
903 4509 1005 4576 XVIII,
1019 4519 1040 4576 1,
1052 4507 1096 4576 In,
1113 4509 1165 4562 ubi
1178 4508 1228 4564 ille
1244 4526 1256 4560 o
1272 4511 1414 4580 sophista
1431 4528 1442 4560 n

323 4601 575 4670 philosophorum
589 4598 782 4666 sophiSmata
797 4598 915 4652 refellit.
931 4599 972 4652 CI.
988 4598 1020 4666 V,
1036 4611 1077 4661 xr,
1091 4599 1108 4648 8
1121 4613 1190 4667 sqq.

358 4688 370 4724 ⁴
389 4691 509 4760 Fronto,
523 4689 571 4746 ed.
585 4688 723 4748 Niebuhr
737 4703 767 4761 p.
784 4688 853 4758 ‘2543
870 4703 900 4761 p.
912 4687 961 4741 mr
978 4687 1026 4745 ed.
1043 4687 1155 4746 Nober.
