3676 5528
416 566 456 628 20
911 582 1002 626 carur
1023 583 1054 628 ιι.

415 735 503 788 cum
523 712 668 786 interca
686 711 727 784 in
745 713 859 786 rebus
877 712 1058 786 humanis
1076 712 1224 786 alterna
1243 713 1331 787 vice·
1345 714 1488 787 bonum
1502 718 1540 788 et

322 899 324 904 -
416 848 561 921 malum
588 848 785 920 succedere
810 846 1005 920 solerent¹.
1031 847 1128 919 'lum
1152 848 1225 921 hoc
1252 849 1434 942 exemplo,
1456 852 1539 920 tum

415 980 618 1054 Frontonis
641 980 859 1054 testimonio
879 980 1117 1074 (quanquam
1137 982 1204 1053 vix
1224 1004 1340 1054 sanus
1359 986 1417 1054 est
1435 982 1539 1054 locus

413 1119 529 1209 atque
548 1114 759 1209 obscurior)
784 1113 970 1209 suspicari
994 1114 1082 1186 licet
1108 1114 1293 1209 singulari
1315 1116 1481 1209 quadam
1501 1120 1540 1188 et

413 1249 596 1343 peculiari
616 1254 696 1321 arte
717 1247 878 1321 infames
904 1248 1084 1321 materias
1103 1248 1182 1322 sale
1201 1254 1238 1321 et
1262 1248 1537 1322 sententiarum

352 1443 356 1450 .
415 1382 625 1456 subtilitate
654 1383 940 1456 commendasse
970 1382 1217 1455 Favorinum.
1251 1382 1347 1455 Nam
1376 1382 1533 1474 Fronte,

412 1539 501 1591 cum
529 1517 787 1612 neglegentiae
813 1516 945 1589 laudes
971 1517 1249 1610 aggrederetur,
1280 1518 1326 1589 de
1357 1516 1537 1589 Favorini

414 1651 473 1724 sui
503 1650 709 1746 pigmentis
741 1650 817 1723 luci
847 1650 973 1723 nescio
1004 1650 1096 1744 quid
1122 1650 1270 1723 locutus
1298 1654 1356 1722 est
1371 1648 1396 1721 ².
1425 1649 1535 1744 Ergo,

412 1790 457 1858 ut
492 1785 639 1879 opinor,
673 1784 997 1878 quemadmodum
1030 1784 1208 1856 mulieres
1239 1783 1325 1856 luco
1353 1804 1469 1875 rugas
1501 1786 1538 1854 at

412 1940 555 1993 naevos
577 1913 615 1992 et
633 1918 912 1991 deformitatem
931 1918 1056 1992 celant
1074 1924 1142 1990 aut
1160 1918 1281 1990 celare
1299 1921 1462 2008 tentant,
1485 1915 1538 1988 sio

413 2053 626 2126 Favorinus
659 2052 846 2125 vilitatem
877 2053 1124 2125 materiarum
1162 2052 1437 2124 sententiarum
1466 2051 1538 2124 ele-

411 2186 544 2281 gantia
570 2207 739 2280 premere
772 2186 993 2259 conabatur.
1029 2185 1132 2272 Quae
1160 2189 1369 2278 augeant
1401 2184 1537 2276 dignae

412 2325 534 2411 arant,
557 2319 701 2412 ingenti
728 2320 866 2413 plausu
886 2340 929 2392 ac
948 2318 1078 2392 lavore
1098 2318 1386 2413 excipiebantur
1408 2341 1416 2389 :
1438 2297 1538 2390 certe

412 2454 528 2527 aliam
551 2453 778 2526 sententiam
809 2477 828 2522 (ι
857 2453 1097 2526 detornatam
1117 2452 1380 2546 inclusamque
1407 2450 1534 2524 verbis

412 2588 653 2685 paucissimis
686 2611 719 2679 a,
744 2588 810 2661 sed
833 2587 1059 2660 ambitiosae
1088 2587 1312 2698 subtilitatis
1339 2587 1443 2659 haud
1473 2607 1537 2658 ex-

412 2729 569 2818 pertem,
591 2722 666 2795 alio
692 2719 876 2796 Noctium
905 2718 1126 2793 Atticorum
1160 2721 1239 2793 loco
1264 2721 1436 2809 relatam,
1465 2725 1538 2792 tes-

411 2861 516 2931 tatur
540 2855 686 2950 Gallius
709 2855 928 2950 ingentibus
954 2854 1127 2927 omnium
1156 2854 1387 2927 clamoribus
1419 2853 1537 2925 luisse

412 2995 609 3085 exceptam
628 2983 652 3060 ³.
673 2988 701 3061 li
721 2988 836 3061 etiam
851 2987 918 3081 qui
939 3009 1093 3060 sensum
1109 2988 1312 3060 verborum
1332 3008 1409 3059 non
1428 2985 1539 3058 intel-

412 3125 590 3218 legebant
621 3121 921 3216 necquicquam
948 3125 1097 3215 praeter
1124 3121 1313 3193 actionem
1347 3120 1537 3214 percipere

412 3263 601 3354 poterant,
624 3257 656 3330 si
676 3256 905 3329 Philostrato
925 3254 1104 3347 creditur,
1126 3277 1202 3327 non
1227 3255 1310 3327 idco
1338 3255 1537 3349 plausibus

300 3479 302 3483 Α
412 3394 645 3488 parcebant:
667 3395 776 3464 tanta
795 3389 970 3462 videlicet
989 3394 1071 3461 erat
1089 3388 1256 3460 hominis
1271 3388 1331 3460 vis
1350 3393 1388 3461 et
1406 3388 1537 3461 iacun-

412 3528 490 3620 dia,
507 3531 657 3601 tantum
678 3525 807 3616 etiam,
825 3528 869 3596 ut
887 3523 1033 3617 opinor,
1052 3523 1290 3596 audientium
1311 3523 1480 3595 studium
1500 3527 1538 3596 et

412 3663 590 3736 voluntas
608 3666 652 3733 ut
665 3659 731 3754 qui
743 3647 883 3731 Romae
899 3658 1128 3730 Graecarum
1141 3657 1353 3740 litterarum
1370 3656 1536 3751 imperiti

411 3802 521 3873 erant
538 3796 622 3891 ipsa
642 3792 801 3868 oratoris
816 3792 1126 3887 pronuntiatione
1145 3796 1183 3864 et
1201 3791 1346 3886 argutis
1361 3791 1481 3864 oculis
1499 3795 1537 3864 et

410 3932 565 4026 linguae
580 3928 818 4003 volubilitate
839 3927 1117 4000 delectarentur
1128 3923 1154 3998 ⁴.

444 4182 453 4216 ¹
475 4179 599 4248 Gellius
612 4177 649 4232 N.
665 4176 812 4246 A.‚xv11,
826 4188 881 4231 rur.

443 4272 455 4307 ²
475 4267 584 4324 Fron
567 4282 640 4338 o‚.p
655 4266 770 4320 beed.
781 4266 935 4334 Niebuhr;
950 4279 979 4332 p.
993 4263 1108 4324 llbed.
1122 4264 1234 4322 Nabar.

444 4358 597 4427 ³Gellius,
613 4354 709 4425 N..,A
726 4356 774 4425 ΙΙΙ,
789 4354 895 4424 νιιι,.3
1309 4355 1312 4362 ’

444 4448 590 4504 ⁴Pbilost
592 4451 687 4515 ratus,
712 4443 801 4514 V..,S
817 4445 921 4513 I„vur
935 4443 963 4498 7
980 4443 1092 4498 Similis
1109 4450 1196 4498 lavor
1214 4441 1399 4500 Hadrianum
1414 4442 1533 4540 Tyrium

408 4538 580 4608 sophistam
600 4535 847 4604 prosequebatur
866 4531 962 4601 (iaia,
977 4533 1013 4602 ΙΙ,
1031 4547 1061 4602 x,
1079 4532 1129 4599 5):
1151 4520 1244 4593 οὕτως
1269 4522 1322 4596 τὴν
1347 4511 1511 4597 Popqv'
1501 4543 1533 4592 ες

408 4617 540 4680 ἑαυτον’
530 4637 565 4676 επ
569 4612 743 4696 έστρεψεν“
729 4634 770 4685 ως
790 4611 838 4674 καὶ
859 4620 923 4684 τοῖς
944 4607 1141 4685 ἁξυνέτοις
1111 4631 1249 4691 γΛωττης
1268 4603 1387 4670 Ελλάδ
1353 4609 1422 4682 abac
1437 4611 1535 4691 ἔρωτα

406 4711 572 4788 παρασχεῖν
592 4699 776 4786 ἀκροάσεως.
