3648 5528
633 1390 820 1477 CAPUT
857 1389 1125 1489 QUINTUM

625 1939 683 2005 De
723 1936 908 2004 Favorini
941 1943 1122 2028 πολυμαθίᾳ.

235 2547 243 2561 ,
359 2469 587 2544 Academica
612 2469 814 2565 disciplina
833 2491 1076 2563 nequaquam
1092 2491 1157 2563 per
1177 2490 1215 2541 se
1230 2469 1326 2542 levis
1340 2475 1434 2560 erat,

310 2626 432 2699 neque
452 2627 475 2677 a
494 2604 664 2677 moribus
684 2604 820 2694 solum,
843 2625 977 2676 verum
998 2603 1114 2676 etiam
1137 2603 1298 2676 avariis
1318 2603 1437 2677 scien-

310 2739 385 2812 tiae
402 2737 606 2832 generibus
621 2759 698 2810 non
714 2759 861 2811 aversa.
880 2737 1006 2810 Minus
1020 2737 1174 2831 quidem
1189 2737 1338 2810 excelsa
1356 2742 1438 2810 erat

310 2877 348 2946 et
366 2870 552 2944 minorem
568 2871 761 2945 lautorum
772 2870 1101 2943 animisvirtutem
1116 2871 1309 2966 injiciebat
1319 2893 1436 2965 quam

278 3065 280 3072 s
312 3006 515 3079 stoicorum
545 3005 698 3098 placita,
727 3005 867 3099 quibus
897 3005 964 3099 qui
990 3006 1214 3078 nitebantur
1245 3027 1380 3078 verum
1399 3010 1437 3077 et

310 3141 454 3212 bonum
468 3139 620 3233 assequi
640 3161 680 3212 se
696 3161 817 3233 posse,
848 3139 969 3212 nimia
988 3139 1179 3212 interdum
1205 3139 1437 3213 confidentia

310 3279 348 3347 et
362 3273 552 3368 superbia,
576 3273 791 3347 credebant.
815 3273 952 3364 Quare,
967 3274 998 3345 si
1014 3296 1037 3346 a
1051 3274 1201 3347 levibus
1216 3274 1437 3347 hominibus

310 3409 588 3497 assumebatur,
601 3407 666 3501 qui
682 3429 805 3480 vanae
821 3408 1007 3501 voluptati
1019 3407 1240 3502 disputandi
1251 3413 1288 3482 et
1298 3409 1437 3482 dialec—

312 3542 429 3615 ticum
445 3564 606 3615 acumen
627 3541 825 3614 exercendi
855 3541 1105 3635 indulgebant
1120 3547 1145 3632 ¹,
1177 3544 1309 3637 quales
1333 3544 1436 3616 haud

311 3676 423 3771 pauci
452 3676 682 3748 exstiterunt
712 3675 767 3748 eis
797 3675 1031 3770 temporibus
1064 3673 1208 3768 Graeci,
1241 3678 1317 3750 lere
1340 3677 1438 3750 nihil

310 3810 419 3908 pensi
442 3810 637 3883 habebant
660 3809 752 3904 quid
781 3831 914 3882 verum
943 3810 1144 3902 falsumve,
1176 3812 1269 3907 quid
1293 3813 1436 3884 bonum

311 3945 504 4017 malumve
529 3949 640 4034 esset,
663 3948 777 4038 atque
796 3944 912 4016 etiam
928 3966 1014 4016 cum
1032 3967 1109 4017 non
1131 3946 1210 4040 jam
1231 3947 1437 4041 disputan-

311 4080 403 4152 dum
424 4079 548 4169 modo,
567 4079 632 4150 sed
647 4077 837 4172 agendum
854 4082 947 4169 erat,
966 4079 1176 4173 Pyrrhonis
1193 4083 1311 4154 verba
1329 4081 1437 4153 adhi-

312 4212 455 4284 bebant
480 4213 519 4278 Τι’
535 4218 650 4295 μᾶλλον
666 4217 776 4295 οὕτως
801 4211 962 4307 Ideoque
984 4212 1199 4308 intellegere
1218 4220 1435 4310 promptum

348 4543 354 4575 ¹
376 4542 465 4610 Apud
477 4539 646 4611 Polybium,
659 4541 721 4610 XII,
732 4540 768 4596 26
780 4556 807 4611 e,
819 4542 1052 4611 deprehendere
1065 4544 1138 4599 licet
1151 4558 1229 4613 quas
1243 4545 1326 4600 circa
1338 4561 1436 4614 nugas

312 4635 504 4686 morarentur
517 4631 641 4700 quidam
657 4645 696 4686 ex
708 4631 874 4688 Academia
885 4633 1075 4702 philosophi.
