3676 5528
788 559 954 603 rudusculo.
1392 565 1430 606 v11

306 671 623 764 dissimulationis
652 695 720 762 aut
758 689 945 763 mendacii
974 689 1178 785 vestigium
1207 692 1310 787 apud
1342 714 1430 766 eum

306 833 501 918 apparere,
529 821 595 895 sed
616 821 786 917 aliquam
813 823 947 896 saltem
977 828 1015 897 et
1035 823 1233 899 lectionem
1258 832 1296 899 et
1320 827 1431 901 sedu-

305 956 465 1031 litatem.
794 1057 797 1064 Ι

355 1090 424 1166 Hic
453 1112 539 1165 vero
567 1090 769 1180 Usenerus,
793 1070 881 1164 cum
908 1111 979 1165 sua
1008 1089 1206 1188 Epicureo
1233 1092 1429 1188 (Berolini,

305 1225 417 1321 1878)
437 1228 668 1320 procuraret,
686 1224 779 1298 dum
798 1223 977 1319 Diogenis
1000 1224 1041 1298 in
1059 1226 1298 1321 compilando
1318 1227 1432 1301 ratio

304 1380 392 1433 nem
411 1363 448 1432 et
467 1358 507 1432 in
526 1358 794 1432 connectendis
808 1357 995 1454 excerptis
1012 1365 1134 1433 artem
1152 1337 1432 1455 deprehendere

305 1498 476 1584 conatur,
499 1514 640 1565 novam
671 1492 794 1565 lucem
822 1491 976 1565 videtur
1000 1493 1214 1586 quaestioni
1240 1494 1427 1569 attulisse.

291 1625 400 1724 ,aum
415 1626 517 1699 enim
529 1625 608 1721 iam
624 1625 717 1699 satis
732 1629 923 1698 constaret
936 1623 1141 1720 Diogenem
1156 1632 1328 1701 auctores
1342 1649 1431 1703 suos

304 1759 521 1834 adventicia
552 1758 725 1833 doctrina
754 1778 938 1831 exornare
975 1757 1129 1832 solitum
1163 1781 1258 1852 esse,
1288 1760 1429 1835 librum

304 1893 386 1988 6166
412 1893 627 1987 suspicatus
656 1896 725 1982 est,
747 1890 802 1964 eis
821 1912 920 1985 quae
938 1890 1093 1964 aliunde
1111 1893 1255 1986 passim
1274 1914 1430 1988 excerp-

305 2033 406 2103 serat
442 2025 607 2121 margini
643 2023 858 2119 adsumptis,
887 2046 964 2097 non
995 2025 1229 2120 recognitum
1263 2026 1430 2108 librariis

304 2160 421 2235 tuisse
450 2160 647 2249 traditum,
675 2163 790 2252 atque
809 2158 864 2231 ite
883 2157 1169 2252 inexplicabiles
1190 2161 1323 2235 turbes
1348 2182 1430 2235 esse

304 2294 451 2370 netas¹.
475 2292 583 2381 Quod
603 2296 703 2366 recte
720 2291 864 2365 vidisse
888 2313 976 2365 eum
1000 2292 1280 2367 aVolkmanno
1298 2301 1431 2391 postea
1510 2339 1516 2348 ·

302 2429 572 2502 confirmatum
599 2433 668 2501 661.
697 2425 805 2511 Nam,
825 2426 927 2520 quod
953 2426 1015 2500 ille
1041 2427 1233 2519 docuerat,
1255 2450 1427 2521 excusso,

303 2562 467 2658 exempli
486 2583 616 2652 66666,
633 2560 800 2656 quodam
815 2560 918 2633 vitae
938 2561 1109 2635 Platonis
1127 2537 1208 2635 loco
1224 2561 1347 2658 (Diog.
1366 2564 1427 2656 ln,

303 2697 365 2790 ΙΙΙ,
383 2697 406 2770 b
426 2699 516 2791 sq.)‚
534 2695 586 2787 id,
604 2694 736 2769 multis
755 2694 841 2768 aliis
861 2694 1041 2789 inspectis
1061 2695 1166 2786 lodie,
1184 2696 1246 2771 bic
1261 2667 1431 2793 compro-

304 2831 412 2906 bavit
432 2830 473 2904 in
492 2830 641 2904 duobus
669 2827 1000 2902 dissertationibus
1018 2850 1116 2923 ques
1140 2830 1254 2903 annis
1277 2830 1375 2905 1890
1392 2837 1431 2906 61
1532 2865 1535 2872 ·

303 2965 400 3040 aaut
422 2964 541 3040 edidit
560 2959 857 3055 (labresbericbt
877 2960 973 3036 dher
995 2962 1065 3037 doe
1091 2963 1297 3040 6111116616
1316 2987 1430 3041 66611-

301 3097 468 3197 pellecta
496 3094 753 3197 Gymnasium
785 3117 837 3169 zu
872 3093 932 3168 St.
960 3094 1094 3171 Morio
1118 3092 1354 3194 Moqdclena
1386 3098 1429 3173 16

301 3231 469 3308 Breslou
485 3257 498 3306 .·
522 3229 797 3320 Quaestionum
822 3229 870 3304 de
887 3229 1064 3326 Diogene
1083 3231 1346 3327 1666116666.
1365 3239 1430 3307 ret

302 3368 356 3464 n).
392 3366 500 3456 Quod
541 3366 590 3439 61
618 3364 851 3438 Favorinum
885 3369 1042 3459 spectat,
1077 3365 1224 3438 collatis
1257 3366 1356 3440 inter
1388 3389 1428 3441 se

300 3500 450 3576 Laertio
464 3505 501 3574 et
520 3497 723 3594 Hesychia,
743 3497 810 3592 qui
831 3496 973 3571 multas
992 3497 1305 3593 philosophorum
1326 3500 1428 3574 vites
1533 3569 1537 3576 .

301 3634 495 3710 communi
518 3654 562 3707 ex
581 3632 685 3706 16616
706 3630 1035 3727 deprompserunt,
1058 3637 1187 3726 patere
1210 3633 1363 3707 videtur
1387 3634 1427 3707 in

301 3767 515 3843 subsidium
540 3771 668 3860 atque,
700 3771 744 3838 61
769 3765 902 3840 Graeci
928 3764 1074 3857 dicunt,
1103 3783 1134 3841 ἐν
1153 3782 1327 3862 προσθήκης
1345 3784 1429 3864 μέρει

300 3901 534 3977 Favorinum
553 3922 577 3974 6
601 3897 766 3994 Diogene
784 3899 1009 3994 plerumque
1029 3897 1145 3972 161666
1164 3899 1424 3995 adsumptum.

301 4037 405 4124 Quae
430 4035 471 4108 in
498 4037 672 4107 nostrum
706 4054 820 4106 usum
854 4033 1023 4106 conferre
1055 4033 1299 4123 conabimur,
1340 4055 1427 4108 cum

300 4168 411 4242 nobis
432 4168 526 4263 ipsis
544 4165 705 4240 1616616
722 4161 940 4264 0161119616
953 4164 1117 4240 bistonio
1131 4171 1169 4240 61
1193 4164 1429 4242 Memorabi-

204 4327 208 4334 ·
302 4302 401 4378 libus
423 4303 495 4378 erit
517 4298 806 4396 disputandum.
830 4299 908 4374 Hoc
928 4300 1081 4374 interim
1107 4301 1310 4374 admonere
1335 4300 1429 4374 satis

337 4601 345 4635 ¹
367 4599 495 4667 Usener,
513 4594 674 4667 Epicurea,
688 4608 718 4663 p.
733 4605 822 4650 xxm.
