3676 5528
674 617 710 660 na
732 616 871 660 ravoamo
892 615 1074 659 ruinosorao.
1398 597 1438 659 le

314 755 370 824 est
384 748 629 843 philosophos
649 769 759 842 saepe
779 747 896 821 etiam
910 748 1066 820 laudere
1081 767 1126 819 ee
1140 768 1239 842 quae
1254 748 1353 820 male
1371 769 1439 820 au-

312 884 393 956 dire
422 883 556 956 solent.
588 882 671 970 Qua
696 882 742 954 de
768 903 808 954 re
830 881 1015 954 disertum
1042 882 1229 954 habemus
1249 879 1440 954 Ciceronis

314 1015 601 1090 testimonium:
634 1040 650 1086 o
681 1014 792 1105 Sunt,
834 1014 971 1108 inquit,
1003 1019 1106 1087 certa
1142 1015 1314 1110 quaeda
1346 1037 1441 1109 peu-

313 1153 470 1248 pertate,
495 1153 598 1222 certa
632 1169 731 1242 quac
759 1148 805 1220 de
833 1147 914 1220 vita
942 1147 1172 1221 inhonorata
1206 1153 1243 1220 et
1277 1146 1440 1242 inglorie
1540 1133 1547 1146 '

293 1267 387 1356 'dici
408 1283 584 1356 soleant:
612 1282 817 1377 separatim
842 1287 966 1354 certae
985 1281 1136 1355 scholae
1157 1287 1247 1355 sunt
1268 1283 1314 1356 de
1333 1281 1441 1355 exsi-

313 1417 377 1508 lic,
397 1417 444 1490 de
464 1416 621 1490 Interitu
640 1415 799 1511 patriae,
815 1417 862 1489 de
885 1416 1081 1507 servitute,
1104 1417 1150 1490 de
1168 1417 1377 1507 debilitate,
1394 1417 1441 1488 de

314 1551 507 1642 caecitate,
521 1552 567 1625 dc
582 1552 686 1624 omni
709 1573 799 1625 casn
820 1551 858 1622 in
874 1573 950 1644 quo
965 1573 1103 1624 nomen
1123 1552 1213 1645 poni
1234 1552 1328 1626 solet
1342 1552 1442 1625 cala·

315 1685 459 1757 mitatis
473 1687 496 1757 ¹.
513 1709 531 1756 n
549 1684 631 1779 lpse
645 1707 749 1774 vero,
771 1685 811 1756 in
827 1706 870 1757 eo
886 1684 982 1757 libro
997 1707 1072 1780 quo
1092 1689 1251 1758 mortem
1267 1706 1345 1757 non
1361 1705 1442 1757 esse

262 1859 265 1866 ·
315 1819 525 1892 timendam
539 1819 830 1910 demonstravit,
840 1819 1034 1892 caecitatiS
1047 1821 1084 1892 et
1099 1818 1298 1893 surditatis
1309 1819 1441 1891 laudes

314 1953 598 2046 adumbravit2,
614 1958 652 2026 et
674 1953 856 2048 peculiari
876 1953 1043 2048 quodam
1061 1953 1188 2026 libello
1208 1958 1441 2027 senectutem

314 2108 524 2182 eamquam
543 2087 714 2182 plerique
733 2108 853 2182 aeque
873 2109 916 2160 ac
932 2091 1093 2162 mortem
1110 2092 1289 2161 metuunt
1305 2087 1441 2181 jucun-

314 2221 444 2293 ditatis
463 2241 545 2293 esse
575 2221 727 2315 plenam
749 2220 981 2315 lepidissime
1009 2221 1150 2294 docuit.
1183 2221 1225 2293 ln
1249 2244 1326 2317 qua
1350 2221 1441 2294 lau-

313 2355 440 2427 danda
467 2354 673 2428 multorum
706 2377 807 2428 unus
838 2355 991 2428 videtur
1015 2354 1171 2430 luisse³.
1204 2357 1305 2443 Quos
1343 2355 1442 2428 inter

314 2487 531 2561 Aristonem
558 2487 667 2560 Cium
698 2492 892 2562 auctorem
921 2495 1092 2562 secutum
1126 2511 1165 2563 se
1191 2489 1438 2586 significavit,

313 2627 350 2696 et
364 2627 517 2716 propter
535 2621 575 2694 id
594 2621 733 2716 ipsum,
757 2627 799 2694 ut
825 2622 971 2718 opinor,
993 2623 1092 2697 dixit
1110 2624 1290 2698 Gelonem
1311 2644 1437 2714 suum,

313 2778 426 2850 quem
445 2755 633 2828 eruditius
651 2756 911 2850 disputantem
939 2757 1164 2831 inducturus
1193 2762 1287 2850 erat,
1318 2758 1442 2831 Grae-

313 2911 444 2962 carum
466 2889 680 2962 litterarum
712 2891 994 2985 perstudiosum
1013 2892 1131 2965 luisse
1150 2893 1190 2965 in
1211 2896 1401 2966 senectute
1411 2895 1436 2962 ⁸.

314 3023 526 3096 Favorinus
545 3045 696 3119 quoquc
715 3046 799 3097 earn
829 3025 1030 3098 materiam
1052 3027 1209 3100 adortus
1223 3032 1303 3122 est3
1334 3049 1442 3099 nam-

314 3179 386 3252 que
401 3157 504 3252 apud
520 3156 726 3252 Stobaeum
742 3165 895 3232 exstant
912 3160 1082 3256 quinque
1102 3160 1315 3257 fragmenta
1331 3169 1365 3228 ἐν.
1384 3170 1440 3228 τῶν

315 3293 487 3379 hasupha
506 3295 574 3379 περὶ
594 3299 731 3379 repara
757 3293 831 3368 Nec
849 3315 939 3366 vero
959 3294 1058 3368 inter
1079 3295 1209 3370 titulos
1229 3296 1354 3387 modo,
1377 3293 1442 3366 sed

350 3507 359 3540 ¹
381 3507 498 3576 Cicero,
517 3505 644 3576 Tuscul„
661 3509 711 3578 111,
731 3506 776 3563 81.

351 3594 361 3628 ²
380 3596 435 3665 ld,
449 3586 535 3665 ibid,
548 3597 582 3666 V,
593 3596 721 3652 Ill-III.
1360 3632 1362 3636 ·

349 3690 360 3724 ³
379 3685 516 3753 Exempli
535 3699 640 3754 causa,
657 3687 753 3741 Iertur
766 3687 970 3756 Theophrasti
986 3676 1053 3759 περὶ
1070 3681 1172 3760 γήρως
1190 3691 1269 3747 liber
1286 3693 1383 3762 (Πίος.
1397 3694 1440 3764 L.,

315 3775 349 3843 V,
361 3773 418 3842 43),
432 3774 470 3828 ad
487 3789 579 3843 quern
600 3774 707 3829 nescio
725 3790 763 3830 an
785 3776 986 3844 redigendum
1001 3778 1043 3832 sit
1063 3779 1226 3834 frustulum
1247 3781 1403 3850 quoddam
1424 3797 1442 3837 a

315 3863 447 3918 Stcbaeo
463 3861 570 3928 (ator,
594 3863 653 3932 LII,
670 3863 716 3931 15)
737 3869 892 3920 servatum
904 3883 911 3935 3
933 3867 976 3920 ita
1000 3867 1124 3935 quidem
1143 3870 1286 3937 opinatur
1306 3871 1441 3928 Hensius

315 3950 436 4019 (Telelis
446 3950 604 4022 reliquiae,
618 3967 647 4020 p.
661 3965 701 4022 cr,
713 3954 783 4008 adn.
795 3955 822 4018 l)
837 3972 843 4024 ;
857 3955 899 4009 ibi
911 3956 992 4009 enim
1006 3956 1045 4010 de
1056 3956 1310 4014 adulescentibus
1324 3961 1425 4029 agitur

315 4054 395 4110 quae
407 4042 596 4108 comparatio
610 4042 640 4095 in
656 4043 742 4096 libris
762 4031 830 4112 περὶ
850 4035 953 4114 γήρως
972 4045 1094 4100 videtur
1105 4047 1232 4116 saepIus
1243 4049 1341 4105 fuisse
1356 4063 1442 4104 usur-

315 4133 397 4197 pata.
424 4131 553 4187 Necnon
576 4135 607 4185 et
631 4132 776 4186 Demetrii
799 4133 938 4188 Phalerei
966 4133 1062 4188 fertur
1088 4135 1227 4203 ejusdem
1255 4139 1334 4193 tituli
1365 4139 1443 4194 liber

317 4218 413 4286 (Dicg.
428 4218 471 4288 L.,
489 4219 523 4289 V,
538 4217 595 4286 81).
612 4219 653 4274 Cf.
673 4221 845 4276 Musonium
864 4223 945 4290 apud
962 4223 1128 4278 Stcbaenm
1149 4224 1255 4294 (Flora,
1273 4227 1383 4298 CXVII,
1400 4226 1441 4283 8:

317 4291 491 4357 Μουσωνίου
507 4299 542 4358 ἐκ
560 4307 611 4358 τοῦ
633 4293 660 4356 Τ
664 4300 673 4358 t
691 4300 807 4381 ἄριστον
824 4304 926 4383 γήρως
940 4298 1083 4381 eptimam
1109 4314 1237 4369 Iuncum
1258 4317 1340 4384 apud
1371 4331 1443 4372 eun·

316 4396 386 4451 dem
401 4395 499 4465 (iaia,
517 4397 628 4468 CXVII,
642 4397 681 4462 9).

350 4482 362 4518 ⁴
381 4486 500 4556 Cicera,
516 4485 588 4541 Cato
601 4487 710 4555 major,
724 4487 752 4543 3.

351 4573 361 4606 ⁵
380 4575 543 4645 sichaeus,
560 4574 655 4645 Fica,
670 4577 751 4647 CXV,
767 4578 802 4631 17
815 4583 847 4633 et
862 4579 915 4649 223
932 4580 1028 4650 CXIX,
1044 4579 1079 4634 16
1092 4581 1137 4649 (fr.
1151 4579 1196 4651 67,
1212 4581 1257 4652 68,
1272 4582 1303 4637 Il
1324 4585 1385 4651 Μ.).
1400 4585 1443 4639 Ex

315 4663 426 4720 eodem
448 4665 532 4720 fonte
552 4680 698 4722 manasse
721 4668 864 4722 videntur
886 4670 920 4724 Ir.
938 4668 974 4723 69
993 4674 1025 4724 et
1044 4669 1079 4724 70
1104 4671 1141 4726 M.
1157 4671 1332 4743 (sichaeus
1347 4673 1441 4742 Flos,

1304 4767 1317 4810 5
