<?xml version="1.0" encoding="UTF-8"?>
<!DOCTYPE html PUBLIC "-//W3C//DTD XHTML 1.0 Transitional//EN"
    "http://www.w3.org/TR/xhtml1/DTD/xhtml1-transitional.dtd">
<html xmlns="http://www.w3.org/1999/xhtml" xml:lang="en" lang="en">
 <head>
  <title>
</title>
<meta http-equiv="Content-Type" content="text/html;charset=utf-8" />
  <meta name='ocr-system' content='tesseract 3.04.00' />
  <meta name='ocr-capabilities' content='ocr_page ocr_carea ocr_par ocr_line ocrx_word'/>
</head>
<body>
  <div class='ocr_page' id='page_1' title='image "./defavoriniarela00colagoog_0130.png"; bbox 0 0 3648 5528; ppageno 0'>
   <div class='ocr_carea' id='block_1_1' title="bbox 652 541 1489 632">
    <p class='ocr_par' dir='ltr' id='par_1_1' title="bbox 652 541 1489 632">
     <span class='ocr_line' id='line_1_1' title="bbox 652 541 1489 632; baseline -0.005 -26"><span class='ocrx_word' id='word_1_1' title='bbox 652 563 688 606; x_wconf 84' lang='lat' dir='ltr'>ne</span> <span class='ocrx_word' id='word_1_2' title='bbox 710 565 844 608; x_wconf 74' lang='lat' dir='ltr'>ravenna</span> <span class='ocrx_word' id='word_1_3' title='bbox 865 545 1046 632; x_wconf 72' lang='grc' dir='ltr'>πελυμαθίᾳ.</span> <span class='ocrx_word' id='word_1_4' title='bbox 1355 541 1416 602; x_wconf 72' lang='lat'>105</span> <span class='ocrx_word' id='word_1_5' title='bbox 1479 605 1489 625; x_wconf 44' lang='lat'><em>⁰</em></span> 
     </span>
    </p>
   </div>
   <div class='ocr_carea' id='block_1_2' title="bbox 206 690 1447 2396">
    <p class='ocr_par' dir='ltr' id='par_1_2' title="bbox 206 690 1447 2396">
     <span class='ocr_line' id='line_1_2' title="bbox 289 690 1417 791; baseline -0.003 -21"><span class='ocrx_word' id='word_1_6' title='bbox 289 695 503 791; x_wconf 86' lang='lat' dir='ltr'>spernanda</span> <span class='ocrx_word' id='word_1_7' title='bbox 517 695 689 778; x_wconf 84' lang='lat' dir='ltr'>doctrina</span> <span class='ocrx_word' id='word_1_8' title='bbox 709 696 975 768; x_wconf 76' lang='lat' dir='ltr'>redundabant</span> <span class='ocrx_word' id='word_1_9' title='bbox 993 695 1076 790; x_wconf 89' lang='lat' dir='ltr'>ejus</span> <span class='ocrx_word' id='word_1_10' title='bbox 1097 717 1302 786; x_wconf 69' lang='lat' dir='ltr'>sermones</span> <span class='ocrx_word' id='word_1_11' title='bbox 1325 690 1417 790; x_wconf 92' lang='lat' dir='ltr'>qui-</span> 
     </span>
     <span class='ocr_line' id='line_1_3' title="bbox 272 799 1417 922; baseline 0 -21"><span class='ocrx_word' id='word_1_12' title='bbox 272 799 361 901; x_wconf 88' lang='lat' dir='ltr'>bus</span> <span class='ocrx_word' id='word_1_13' title='bbox 394 850 470 900; x_wconf 93' lang='lat' dir='ltr'>non</span> <span class='ocrx_word' id='word_1_14' title='bbox 507 829 617 900; x_wconf 91' lang='lat' dir='ltr'>modo</span> <span class='ocrx_word' id='word_1_15' title='bbox 652 828 957 918; x_wconf 77' lang='lat' dir='ltr'>oblectabantur,</span> <span class='ocrx_word' id='word_1_16' title='bbox 995 830 1060 902; x_wconf 90' lang='lat' dir='ltr'>sed</span> <span class='ocrx_word' id='word_1_17' title='bbox 1091 851 1271 922; x_wconf 88' lang='lat' dir='ltr'>magnam</span> <span class='ocrx_word' id='word_1_18' title='bbox 1300 829 1417 902; x_wconf 92' lang='lat' dir='ltr'>etiam</span> 
     </span>
     <span class='ocr_line' id='line_1_4' title="bbox 288 946 1417 1066; baseline -0.001 -31"><span class='ocrx_word' id='word_1_19' title='bbox 288 962 493 1042; x_wconf 78' lang='lat' dir='ltr'>utilitatem</span> <span class='ocrx_word' id='word_1_20' title='bbox 525 963 613 1035; x_wconf 90' lang='lat' dir='ltr'>inde</span> <span class='ocrx_word' id='word_1_21' title='bbox 632 946 893 1056; x_wconf 73' lang='lat' dir='ltr'>percipiebant</span> <span class='ocrx_word' id='word_1_22' title='bbox 918 967 955 1034; x_wconf 92' lang='lat' dir='ltr'>et</span> <span class='ocrx_word' id='word_1_23' title='bbox 979 962 1139 1056; x_wconf 84' lang='lat' dir='ltr'>juvenes</span> <span class='ocrx_word' id='word_1_24' title='bbox 1167 967 1204 1035; x_wconf 90' lang='lat' dir='ltr'>et</span> <span class='ocrx_word' id='word_1_25' title='bbox 1231 963 1323 1036; x_wconf 89' lang='lat' dir='ltr'>clari</span> <span class='ocrx_word' id='word_1_26' title='bbox 1339 963 1417 1066; x_wconf 85' lang='lat' dir='ltr'>¹viri</span> 
     </span>
     <span class='ocr_line' id='line_1_5' title="bbox 289 1093 1417 1201; baseline 0 -33"><span class='ocrx_word' id='word_1_27' title='bbox 289 1096 354 1201; x_wconf 88' lang='lat' dir='ltr'>qni</span> <span class='ocrx_word' id='word_1_28' title='bbox 373 1096 456 1191; x_wconf 83' lang='lat' dir='ltr'>ejus</span> <span class='ocrx_word' id='word_1_29' title='bbox 475 1096 748 1169; x_wconf 89' lang='lat' dir='ltr'>consuetudine</span> <span class='ocrx_word' id='word_1_30' title='bbox 768 1097 986 1168; x_wconf 88' lang='lat' dir='ltr'>utebantur.</span> <span class='ocrx_word' id='word_1_31' title='bbox 1008 1095 1094 1187; x_wconf 89' lang='lat' dir='ltr'>Sed,</span> <span class='ocrx_word' id='word_1_32' title='bbox 1113 1093 1200 1169; x_wconf 88' lang='lat' dir='ltr'>cum</span> <span class='ocrx_word' id='word_1_33' title='bbox 1220 1097 1417 1190; x_wconf 83' lang='lat' dir='ltr'>ingenium</span> 
     </span>
     <span class='ocr_line' id='line_1_6' title="bbox 206 1228 1417 1324; baseline 0.002 -25"><span class='ocrx_word' id='word_1_34' title='bbox 206 1282 211 1287; x_wconf 76' lang='lat'><em>.</em></span> <span class='ocrx_word' id='word_1_35' title='bbox 289 1228 384 1302; x_wconf 91' lang='lat' dir='ltr'>illud</span> <span class='ocrx_word' id='word_1_36' title='bbox 400 1231 569 1324; x_wconf 91' lang='lat' dir='ltr'>undique</span> <span class='ocrx_word' id='word_1_37' title='bbox 586 1229 829 1324; x_wconf 81' lang='lat' dir='ltr'>profunderet</span> <span class='ocrx_word' id='word_1_38' title='bbox 848 1235 975 1322; x_wconf 87' lang='lat' dir='ltr'>atque,</span> <span class='ocrx_word' id='word_1_39' title='bbox 988 1235 1031 1302; x_wconf 93' lang='lat' dir='ltr'>ut</span> <span class='ocrx_word' id='word_1_40' title='bbox 1046 1230 1100 1302; x_wconf 92' lang='lat' dir='ltr'>ita</span> <span class='ocrx_word' id='word_1_41' title='bbox 1115 1230 1253 1319; x_wconf 91' lang='lat' dir='ltr'>dicam,</span> <span class='ocrx_word' id='word_1_42' title='bbox 1265 1231 1417 1303; x_wconf 83' lang='lat' dir='ltr'>indiam</span> 
     </span>
     <span class='ocr_line' id='line_1_7' title="bbox 289 1362 1419 1457; baseline 0.002 -23"><span class='ocrx_word' id='word_1_43' title='bbox 289 1362 449 1453; x_wconf 87' lang='lat' dir='ltr'>viveret,</span> <span class='ocrx_word' id='word_1_44' title='bbox 471 1364 569 1436; x_wconf 91' lang='lat' dir='ltr'>nihil</span> <span class='ocrx_word' id='word_1_45' title='bbox 597 1364 802 1436; x_wconf 91' lang='lat' dir='ltr'>admodum</span> <span class='ocrx_word' id='word_1_46' title='bbox 833 1363 993 1435; x_wconf 87' lang='lat' dir='ltr'>coniecit</span> <span class='ocrx_word' id='word_1_47' title='bbox 1015 1363 1116 1457; x_wconf 91' lang='lat' dir='ltr'>quod</span> <span class='ocrx_word' id='word_1_48' title='bbox 1144 1364 1361 1454; x_wconf 67' lang='lat' dir='ltr'>heredibus</span> <span class='ocrx_word' id='word_1_49' title='bbox 1380 1365 1419 1437; x_wconf 94' lang='lat' dir='ltr'>id</span> 
     </span>
     <span class='ocr_line' id='line_1_8' title="bbox 289 1497 1420 1592; baseline 0.002 -23"><span class='ocrx_word' id='word_1_50' title='bbox 289 1503 347 1570; x_wconf 92' lang='lat' dir='ltr'>est</span> <span class='ocrx_word' id='word_1_51' title='bbox 371 1499 544 1592; x_wconf 91' lang='lat' dir='ltr'>posteris,</span> <span class='ocrx_word' id='word_1_52' title='bbox 567 1498 809 1591; x_wconf 89' lang='lat' dir='ltr'>relinqueret.</span> <span class='ocrx_word' id='word_1_53' title='bbox 832 1497 929 1569; x_wconf 91' lang='lat' dir='ltr'>Nam</span> <span class='ocrx_word' id='word_1_54' title='bbox 950 1498 1016 1591; x_wconf 91' lang='lat' dir='ltr'>qui</span> <span class='ocrx_word' id='word_1_55' title='bbox 1047 1498 1086 1570; x_wconf 94' lang='lat' dir='ltr'>in</span> <span class='ocrx_word' id='word_1_56' title='bbox 1106 1498 1285 1570; x_wconf 91' lang='lat' dir='ltr'>omnibus</span> <span class='ocrx_word' id='word_1_57' title='bbox 1304 1499 1420 1572; x_wconf 92' lang='lat' dir='ltr'>simul</span> 
     </span>
     <span class='ocr_line' id='line_1_9' title="bbox 289 1601 1418 1724; baseline 0 -20"><span class='ocrx_word' id='word_1_58' title='bbox 289 1633 403 1704; x_wconf 90' lang='lat' dir='ltr'>rebus</span> <span class='ocrx_word' id='word_1_59' title='bbox 425 1630 789 1724; x_wconf 82' lang='lat' dir='ltr'>comprehendendis</span> <span class='ocrx_word' id='word_1_60' title='bbox 815 1652 854 1703; x_wconf 89' lang='lat' dir='ltr'>se</span> <span class='ocrx_word' id='word_1_61' title='bbox 882 1633 1085 1722; x_wconf 89' lang='lat' dir='ltr'>oblectant,</span> <span class='ocrx_word' id='word_1_62' title='bbox 1115 1632 1186 1704; x_wconf 90' lang='lat' dir='ltr'>etsi</span> <span class='ocrx_word' id='word_1_63' title='bbox 1203 1601 1418 1705; x_wconf 90' lang='lat' dir='ltr'>naturalem</span> 
     </span>
     <span class='ocr_line' id='line_1_10' title="bbox 292 1763 1417 1859; baseline 0 -21"><span class='ocrx_word' id='word_1_64' title='bbox 292 1764 436 1859; x_wconf 89' lang='lat' dir='ltr'>ingenii</span> <span class='ocrx_word' id='word_1_65' title='bbox 465 1764 730 1836; x_wconf 89' lang='lat' dir='ltr'>dexteritatem</span> <span class='ocrx_word' id='word_1_66' title='bbox 764 1763 968 1856; x_wconf 90' lang='lat' dir='ltr'>exhibent,</span> <span class='ocrx_word' id='word_1_67' title='bbox 1010 1770 1137 1839; x_wconf 91' lang='lat' dir='ltr'>tamen</span> <span class='ocrx_word' id='word_1_68' title='bbox 1173 1766 1271 1837; x_wconf 92' lang='lat' dir='ltr'>nihil</span> <span class='ocrx_word' id='word_1_69' title='bbox 1303 1766 1417 1838; x_wconf 85' lang='lat' dir='ltr'>iirma</span> 
     </span>
     <span class='ocr_line' id='line_1_11' title="bbox 292 1899 1422 1994; baseline 0.001 -22"><span class='ocrx_word' id='word_1_70' title='bbox 292 1922 410 1972; x_wconf 90' lang='lat' dir='ltr'>manu</span> <span class='ocrx_word' id='word_1_71' title='bbox 423 1899 614 1971; x_wconf 91' lang='lat' dir='ltr'>retineant</span> <span class='ocrx_word' id='word_1_72' title='bbox 639 1918 791 1971; x_wconf 90' lang='lat' dir='ltr'>necesse</span> <span class='ocrx_word' id='word_1_73' title='bbox 812 1904 890 1993; x_wconf 71' lang='lat' dir='ltr'>est,</span> <span class='ocrx_word' id='word_1_74' title='bbox 912 1900 979 1992; x_wconf 89' lang='lat' dir='ltr'>qui</span> <span class='ocrx_word' id='word_1_75' title='bbox 1003 1900 1102 1971; x_wconf 92' lang='lat' dir='ltr'>nihil</span> <span class='ocrx_word' id='word_1_76' title='bbox 1117 1900 1319 1994; x_wconf 88' lang='lat' dir='ltr'>indignum</span> <span class='ocrx_word' id='word_1_77' title='bbox 1339 1922 1422 1973; x_wconf 89' lang='lat' dir='ltr'>esse</span> 
     </span>
     <span class='ocr_line' id='line_1_12' title="bbox 291 2032 1447 2134; baseline -0.001 -28"><span class='ocrx_word' id='word_1_78' title='bbox 291 2038 429 2129; x_wconf 90' lang='lat' dir='ltr'>putant</span> <span class='ocrx_word' id='word_1_79' title='bbox 448 2033 510 2105; x_wconf 89' lang='lat' dir='ltr'>cui</span> <span class='ocrx_word' id='word_1_80' title='bbox 529 2032 739 2105; x_wconf 89' lang='lat' dir='ltr'>adhibeant</span> <span class='ocrx_word' id='word_1_81' title='bbox 770 2032 966 2126; x_wconf 82' lang='lat' dir='ltr'>ingenium</span> <span class='ocrx_word' id='word_1_82' title='bbox 995 2033 1095 2105; x_wconf 92' lang='lat' dir='ltr'>nihil</span> <span class='ocrx_word' id='word_1_83' title='bbox 1113 2034 1210 2107; x_wconf 89' lang='lat' dir='ltr'>tanti</span> <span class='ocrx_word' id='word_1_84' title='bbox 1234 2057 1316 2107; x_wconf 89' lang='lat' dir='ltr'>esse</span> <span class='ocrx_word' id='word_1_85' title='bbox 1335 2057 1422 2106; x_wconf 91' lang='lat' dir='ltr'>cre-</span> <span class='ocrx_word' id='word_1_86' title='bbox 1444 2045 1447 2134; x_wconf 67' lang='lat' dir='ltr'>J</span> 
     </span>
     <span class='ocr_line' id='line_1_13' title="bbox 292 2155 1421 2268; baseline 0 -28"><span class='ocrx_word' id='word_1_87' title='bbox 292 2168 500 2261; x_wconf 90' lang='lat' dir='ltr'>duntquod</span> <span class='ocrx_word' id='word_1_88' title='bbox 520 2171 601 2239; x_wconf 91' lang='lat' dir='ltr'>tota</span> <span class='ocrx_word' id='word_1_89' title='bbox 619 2155 739 2268; x_wconf 89' lang='lat' dir='ltr'>animi</span> <span class='ocrx_word' id='word_1_90' title='bbox 759 2167 798 2238; x_wconf 82' lang='lat' dir='ltr'>ri</span> <span class='ocrx_word' id='word_1_91' title='bbox 818 2168 1130 2260; x_wconf 90' lang='lat' dir='ltr'>complectantur.</span> <span class='ocrx_word' id='word_1_92' title='bbox 1150 2169 1274 2255; x_wconf 82' lang='lat' dir='ltr'>Quare</span> <span class='ocrx_word' id='word_1_93' title='bbox 1289 2169 1421 2241; x_wconf 92' lang='lat' dir='ltr'>haud-</span> 
     </span>
     <span class='ocr_line' id='line_1_14' title="bbox 294 2300 1420 2396; baseline 0.001 -22"><span class='ocrx_word' id='word_1_94' title='bbox 294 2323 488 2396; x_wconf 86' lang='lat' dir='ltr'>quaquam</span> <span class='ocrx_word' id='word_1_95' title='bbox 508 2301 648 2375; x_wconf 91' lang='lat' dir='ltr'>mirum</span> <span class='ocrx_word' id='word_1_96' title='bbox 664 2305 721 2372; x_wconf 90' lang='lat' dir='ltr'>est</span> <span class='ocrx_word' id='word_1_97' title='bbox 741 2300 772 2372; x_wconf 91' lang='lat' dir='ltr'>si</span> <span class='ocrx_word' id='word_1_98' title='bbox 792 2300 980 2394; x_wconf 83' lang='lat' dir='ltr'>ejusmodi</span> <span class='ocrx_word' id='word_1_99' title='bbox 994 2301 1055 2373; x_wconf 90' lang='lat' dir='ltr'>vir</span> <span class='ocrx_word' id='word_1_100' title='bbox 1074 2302 1259 2375; x_wconf 88' lang='lat' dir='ltr'>adversus</span> <span class='ocrx_word' id='word_1_101' title='bbox 1286 2303 1420 2375; x_wconf 88' lang='lat' dir='ltr'>stoico-</span> 
     </span>
    </p>
   </div>
   <div class='ocr_carea' id='block_1_3' title="bbox 292 2435 1422 2529">
    <p class='ocr_par' dir='ltr' id='par_1_3' title="bbox 292 2435 1422 2529">
     <span class='ocr_line' id='line_1_15' title="bbox 292 2435 1422 2529; baseline 0.001 -21"><span class='ocrx_word' id='word_1_102' title='bbox 292 2458 378 2508; x_wconf 88' lang='lat' dir='ltr'>rum</span> <span class='ocrx_word' id='word_1_103' title='bbox 398 2441 622 2518; x_wconf 75' lang='grc' dir='ltr'>καταληπτικὴν</span> <span class='ocrx_word' id='word_1_104' title='bbox 643 2441 798 2520; x_wconf 73' lang='grc' dir='ltr'>φαντασίαν</span> <span class='ocrx_word' id='word_1_105' title='bbox 820 2435 1044 2528; x_wconf 88' lang='lat' dir='ltr'>conscripsit</span> <span class='ocrx_word' id='word_1_106' title='bbox 1053 2435 1194 2508; x_wconf 92' lang='lat' dir='ltr'>librum</span> <span class='ocrx_word' id='word_1_107' title='bbox 1209 2442 1247 2509; x_wconf 91' lang='lat' dir='ltr'>et</span> <span class='ocrx_word' id='word_1_108' title='bbox 1261 2436 1422 2529; x_wconf 84' lang='lat' dir='ltr'>Epicteti</span> 
     </span>
    </p>
   </div>
   <div class='ocr_carea' id='block_1_4' title="bbox 243 2565 1430 4667">
    <p class='ocr_par' dir='ltr' id='par_1_4' title="bbox 243 2565 1430 4667">
     <span class='ocr_line' id='line_1_16' title="bbox 243 2565 1423 2664; baseline 0.002 -24"><span class='ocrx_word' id='word_1_109' title='bbox 243 2605 247 2611; x_wconf 95' lang='lat'>·</span> <span class='ocrx_word' id='word_1_110' title='bbox 295 2567 440 2664; x_wconf 87' lang='lat' dir='ltr'>respuit</span> <span class='ocrx_word' id='word_1_111' title='bbox 458 2565 700 2659; x_wconf 85' lang='lat' dir='ltr'>disciplinam</span> <span class='ocrx_word' id='word_1_112' title='bbox 719 2588 726 2637; x_wconf 92' lang='lat'>:</span> <span class='ocrx_word' id='word_1_113' title='bbox 746 2566 885 2640; x_wconf 90' lang='lat' dir='ltr'>etenim</span> <span class='ocrx_word' id='word_1_114' title='bbox 915 2567 1014 2640; x_wconf 93' lang='lat' dir='ltr'>inter</span> <span class='ocrx_word' id='word_1_115' title='bbox 1035 2591 1099 2641; x_wconf 89' lang='lat' dir='ltr'>eos</span> <span class='ocrx_word' id='word_1_116' title='bbox 1118 2570 1293 2642; x_wconf 92' lang='lat' dir='ltr'>homines</span> <span class='ocrx_word' id='word_1_117' title='bbox 1316 2571 1423 2643; x_wconf 91' lang='lat' dir='ltr'>nulla</span> 
     </span>
     <span class='ocr_line' id='line_1_17' title="bbox 293 2700 1424 2796; baseline -0.001 -20"><span class='ocrx_word' id='word_1_118' title='bbox 293 2707 441 2776; x_wconf 85' lang='lat' dir='ltr'>exstare</span> <span class='ocrx_word' id='word_1_119' title='bbox 456 2704 604 2794; x_wconf 87' lang='lat' dir='ltr'>poterat</span> <span class='ocrx_word' id='word_1_120' title='bbox 622 2700 833 2772; x_wconf 91' lang='lat' dir='ltr'>concordia.</span> <span class='ocrx_word' id='word_1_121' title='bbox 862 2701 972 2792; x_wconf 91' lang='lat' dir='ltr'>Nam,</span> <span class='ocrx_word' id='word_1_122' title='bbox 1004 2703 1326 2796; x_wconf 91' lang='lat' dir='ltr'>quemadmodum</span> <span class='ocrx_word' id='word_1_123' title='bbox 1349 2703 1424 2775; x_wconf 88' lang='lat' dir='ltr'>So-</span> 
     </span>
     <span class='ocr_line' id='line_1_18' title="bbox 293 2831 1425 2929; baseline 0.002 -21"><span class='ocrx_word' id='word_1_124' title='bbox 293 2840 415 2908; x_wconf 90' lang='lat' dir='ltr'>crates</span> <span class='ocrx_word' id='word_1_125' title='bbox 435 2855 587 2928; x_wconf 91' lang='lat' dir='ltr'>perraro</span> <span class='ocrx_word' id='word_1_126' title='bbox 608 2831 758 2906; x_wconf 90' lang='lat' dir='ltr'>moenia</span> <span class='ocrx_word' id='word_1_127' title='bbox 774 2834 1014 2912; x_wconf 77' lang='lat' dir='ltr'>Athenarum</span> <span class='ocrx_word' id='word_1_128' title='bbox 1038 2857 1211 2929; x_wconf 88' lang='lat' dir='ltr'>egressus</span> <span class='ocrx_word' id='word_1_129' title='bbox 1231 2859 1312 2910; x_wconf 88' lang='lat' dir='ltr'>esse</span> <span class='ocrx_word' id='word_1_130' title='bbox 1332 2838 1425 2910; x_wconf 91' lang='lat' dir='ltr'>dici-</span> 
     </span>
     <span class='ocr_line' id='line_1_19' title="bbox 295 2966 1423 3064; baseline 0.001 -22"><span class='ocrx_word' id='word_1_131' title='bbox 295 2975 370 3060; x_wconf 90' lang='lat' dir='ltr'>tur,</span> <span class='ocrx_word' id='word_1_132' title='bbox 388 2968 443 3040; x_wconf 88' lang='lat' dir='ltr'>ita</span> <span class='ocrx_word' id='word_1_133' title='bbox 461 2966 655 3061; x_wconf 84' lang='lat' dir='ltr'>Epictetus</span> <span class='ocrx_word' id='word_1_134' title='bbox 675 2967 879 3040; x_wconf 90' lang='lat' dir='ltr'>artissimis</span> <span class='ocrx_word' id='word_1_135' title='bbox 903 2968 1049 3041; x_wconf 84' lang='lat' dir='ltr'>tinibus</span> <span class='ocrx_word' id='word_1_136' title='bbox 1068 2991 1215 3064; x_wconf 88' lang='lat' dir='ltr'>semper</span> <span class='ocrx_word' id='word_1_137' title='bbox 1237 2992 1318 3043; x_wconf 89' lang='lat' dir='ltr'>sese</span> <span class='ocrx_word' id='word_1_138' title='bbox 1332 2993 1423 3050; x_wconf 93' lang='lat' dir='ltr'>con-</span> 
     </span>
     <span class='ocr_line' id='line_1_20' title="bbox 294 3101 1423 3196; baseline 0.002 -21"><span class='ocrx_word' id='word_1_139' title='bbox 294 3102 423 3191; x_wconf 87' lang='lat' dir='ltr'>tinuit,</span> <span class='ocrx_word' id='word_1_140' title='bbox 446 3123 515 3173; x_wconf 93' lang='lat' dir='ltr'>nec</span> <span class='ocrx_word' id='word_1_141' title='bbox 534 3101 740 3194; x_wconf 90' lang='lat' dir='ltr'>quicquam</span> <span class='ocrx_word' id='word_1_142' title='bbox 760 3101 888 3194; x_wconf 91' lang='lat' dir='ltr'>attigit</span> <span class='ocrx_word' id='word_1_143' title='bbox 913 3101 988 3174; x_wconf 92' lang='lat' dir='ltr'>nisi</span> <span class='ocrx_word' id='word_1_144' title='bbox 1014 3103 1115 3196; x_wconf 92' lang='lat' dir='ltr'>quod</span> <span class='ocrx_word' id='word_1_145' title='bbox 1140 3104 1189 3175; x_wconf 90' lang='lat' dir='ltr'>ad</span> <span class='ocrx_word' id='word_1_146' title='bbox 1209 3104 1423 3177; x_wconf 89' lang='lat' dir='ltr'>libertatem</span> 
     </span>
     <span class='ocr_line' id='line_1_21' title="bbox 295 3234 1425 3331; baseline -0.001 -21"><span class='ocrx_word' id='word_1_147' title='bbox 295 3242 333 3310; x_wconf 90' lang='lat' dir='ltr'>et</span> <span class='ocrx_word' id='word_1_148' title='bbox 350 3235 471 3308; x_wconf 90' lang='lat' dir='ltr'>animi</span> <span class='ocrx_word' id='word_1_149' title='bbox 490 3234 809 3328; x_wconf 85' lang='lat' dir='ltr'>tranquillitatem</span> <span class='ocrx_word' id='word_1_150' title='bbox 825 3239 861 3306; x_wconf 91' lang='lat' dir='ltr'>et</span> <span class='ocrx_word' id='word_1_151' title='bbox 880 3235 1118 3309; x_wconf 89' lang='lat' dir='ltr'>honestatem</span> <span class='ocrx_word' id='word_1_152' title='bbox 1140 3237 1425 3331; x_wconf 88' lang='lat' dir='ltr'>adipiscendam</span> 
     </span>
     <span class='ocr_line' id='line_1_22' title="bbox 295 3368 1427 3465; baseline 0.003 -23"><span class='ocrx_word' id='word_1_153' title='bbox 295 3369 524 3465; x_wconf 78' lang='lat' dir='ltr'>pertineret3</span> <span class='ocrx_word' id='word_1_154' title='bbox 546 3372 598 3456; x_wconf 90' lang='lat' dir='ltr'>at,</span> <span class='ocrx_word' id='word_1_155' title='bbox 615 3368 715 3461; x_wconf 91' lang='lat' dir='ltr'>quod</span> <span class='ocrx_word' id='word_1_156' title='bbox 728 3370 843 3440; x_wconf 91' lang='lat' dir='ltr'>semel</span> <span class='ocrx_word' id='word_1_157' title='bbox 858 3369 998 3462; x_wconf 87' lang='lat' dir='ltr'>attigit,</span> <span class='ocrx_word' id='word_1_158' title='bbox 1021 3370 1059 3441; x_wconf 92' lang='lat' dir='ltr'>id</span> <span class='ocrx_word' id='word_1_159' title='bbox 1075 3370 1228 3463; x_wconf 91' lang='lat' dir='ltr'>quidem</span> <span class='ocrx_word' id='word_1_160' title='bbox 1245 3371 1299 3444; x_wconf 90' lang='lat' dir='ltr'>ita</span> <span class='ocrx_word' id='word_1_161' title='bbox 1314 3375 1427 3445; x_wconf 89' lang='lat' dir='ltr'>vehe-</span> 
     </span>
     <span class='ocr_line' id='line_1_23' title="bbox 297 3501 1426 3594; baseline 0.004 -20"><span class='ocrx_word' id='word_1_162' title='bbox 297 3507 444 3575; x_wconf 90' lang='lat' dir='ltr'>menter</span> <span class='ocrx_word' id='word_1_163' title='bbox 462 3501 625 3594; x_wconf 90' lang='lat' dir='ltr'>arripuit</span> <span class='ocrx_word' id='word_1_164' title='bbox 644 3505 831 3573; x_wconf 91' lang='lat' dir='ltr'>utsecura</span> <span class='ocrx_word' id='word_1_165' title='bbox 846 3506 971 3574; x_wconf 91' lang='lat' dir='ltr'>mente</span> <span class='ocrx_word' id='word_1_166' title='bbox 992 3507 1110 3575; x_wconf 89' lang='lat' dir='ltr'>totam</span> <span class='ocrx_word' id='word_1_167' title='bbox 1123 3524 1232 3575; x_wconf 91' lang='lat' dir='ltr'>suam</span> <span class='ocrx_word' id='word_1_168' title='bbox 1248 3504 1368 3577; x_wconf 85' lang='lat' dir='ltr'>vitam</span> <span class='ocrx_word' id='word_1_169' title='bbox 1383 3528 1426 3579; x_wconf 88' lang='lat' dir='ltr'>eo</span> 
     </span>
     <span class='ocr_line' id='line_1_24' title="bbox 296 3634 1427 3733; baseline 0.002 -25"><span class='ocrx_word' id='word_1_170' title='bbox 296 3635 406 3730; x_wconf 91' lang='lat' dir='ltr'>quasi</span> <span class='ocrx_word' id='word_1_171' title='bbox 423 3636 665 3707; x_wconf 78' lang='lat' dir='ltr'>firmamento</span> <span class='ocrx_word' id='word_1_172' title='bbox 685 3634 834 3707; x_wconf 89' lang='lat' dir='ltr'>luloiret</span> <span class='ocrx_word' id='word_1_173' title='bbox 853 3640 890 3707; x_wconf 92' lang='lat' dir='ltr'>et</span> <span class='ocrx_word' id='word_1_174' title='bbox 915 3637 1029 3707; x_wconf 90' lang='lat' dir='ltr'>bomo</span> <span class='ocrx_word' id='word_1_175' title='bbox 1053 3637 1205 3730; x_wconf 88' lang='lat' dir='ltr'>penitus</span> <span class='ocrx_word' id='word_1_176' title='bbox 1231 3660 1319 3710; x_wconf 90' lang='lat' dir='ltr'>cum</span> <span class='ocrx_word' id='word_1_177' title='bbox 1333 3641 1427 3733; x_wconf 93' lang='lat' dir='ltr'>phi-</span> 
     </span>
     <span class='ocr_line' id='line_1_25' title="bbox 296 3767 1427 3870; baseline 0.002 -29"><span class='ocrx_word' id='word_1_178' title='bbox 296 3769 470 3870; x_wconf 90' lang='lat' dir='ltr'>losophia</span> <span class='ocrx_word' id='word_1_179' title='bbox 507 3791 578 3841; x_wconf 91' lang='lat' dir='ltr'>sua</span> <span class='ocrx_word' id='word_1_180' title='bbox 610 3767 840 3841; x_wconf 87' lang='lat' dir='ltr'>commixtus</span> <span class='ocrx_word' id='word_1_181' title='bbox 870 3791 951 3841; x_wconf 90' lang='lat' dir='ltr'>esse</span> <span class='ocrx_word' id='word_1_182' title='bbox 982 3769 1170 3842; x_wconf 89' lang='lat' dir='ltr'>videatur.</span> <span class='ocrx_word' id='word_1_183' title='bbox 1214 3771 1427 3844; x_wconf 81' lang='lat' dir='ltr'>Favorinus</span> 
     </span>
     <span class='ocr_line' id='line_1_26' title="bbox 297 3902 1427 4000; baseline 0.001 -23"><span class='ocrx_word' id='word_1_184' title='bbox 297 3908 426 3977; x_wconf 90' lang='lat' dir='ltr'>autem</span> <span class='ocrx_word' id='word_1_185' title='bbox 455 3903 639 3976; x_wconf 89' lang='lat' dir='ltr'>incertam</span> <span class='ocrx_word' id='word_1_186' title='bbox 668 3923 753 3974; x_wconf 89' lang='lat' dir='ltr'>earn</span> <span class='ocrx_word' id='word_1_187' title='bbox 782 3902 1064 3997; x_wconf 92' lang='lat' dir='ltr'>philosophiam</span> <span class='ocrx_word' id='word_1_188' title='bbox 1103 3909 1255 3976; x_wconf 88' lang='lat' dir='ltr'>secutus</span> <span class='ocrx_word' id='word_1_189' title='bbox 1274 3910 1331 3977; x_wconf 83' lang='lat' dir='ltr'>est¹</span> <span class='ocrx_word' id='word_1_190' title='bbox 1350 3929 1427 4000; x_wconf 89' lang='lat' dir='ltr'>qua</span> 
     </span>
     <span class='ocr_line' id='line_1_27' title="bbox 299 4036 1428 4132; baseline 0 -23"><span class='ocrx_word' id='word_1_191' title='bbox 299 4040 453 4132; x_wconf 85' lang='lat' dir='ltr'>regente</span> <span class='ocrx_word' id='word_1_192' title='bbox 462 4036 581 4109; x_wconf 88' lang='lat' dir='ltr'>menti</span> <span class='ocrx_word' id='word_1_193' title='bbox 596 4036 873 4108; x_wconf 87' lang='lat' dir='ltr'>concedebatur</span> <span class='ocrx_word' id='word_1_194' title='bbox 886 4036 1055 4129; x_wconf 89' lang='lat' dir='ltr'>undique</span> <span class='ocrx_word' id='word_1_195' title='bbox 1071 4059 1204 4109; x_wconf 89' lang='lat' dir='ltr'>verum</span> <span class='ocrx_word' id='word_1_196' title='bbox 1220 4037 1428 4132; x_wconf 91' lang='lat' dir='ltr'>indagandi</span> 
     </span>
     <span class='ocr_line' id='line_1_28' title="bbox 299 4168 1424 4261; baseline 0 -17"><span class='ocrx_word' id='word_1_197' title='bbox 299 4176 349 4261; x_wconf 92' lang='lat' dir='ltr'>et,</span> <span class='ocrx_word' id='word_1_198' title='bbox 371 4175 415 4242; x_wconf 90' lang='lat' dir='ltr'>ut</span> <span class='ocrx_word' id='word_1_199' title='bbox 442 4170 497 4242; x_wconf 93' lang='lat' dir='ltr'>ita</span> <span class='ocrx_word' id='word_1_200' title='bbox 515 4170 653 4260; x_wconf 91' lang='lat' dir='ltr'>dicam,</span> <span class='ocrx_word' id='word_1_201' title='bbox 687 4168 787 4241; x_wconf 91' lang='lat' dir='ltr'>circa</span> <span class='ocrx_word' id='word_1_202' title='bbox 806 4192 938 4242; x_wconf 91' lang='lat' dir='ltr'>omnes</span> <span class='ocrx_word' id='word_1_203' title='bbox 957 4193 1017 4242; x_wconf 90' lang='lat' dir='ltr'>res</span> <span class='ocrx_word' id='word_1_204' title='bbox 1037 4171 1223 4244; x_wconf 90' lang='lat' dir='ltr'>volitandi</span> <span class='ocrx_word' id='word_1_205' title='bbox 1251 4172 1424 4244; x_wconf 77' lang='lat' dir='ltr'>facultas.</span> 
     </span>
     <span class='ocr_line' id='line_1_29' title="bbox 300 4303 1428 4399; baseline 0.001 -23"><span class='ocrx_word' id='word_1_206' title='bbox 300 4303 407 4389; x_wconf 82' lang='lat' dir='ltr'>Quod</span> <span class='ocrx_word' id='word_1_207' title='bbox 423 4303 453 4376; x_wconf 95' lang='lat' dir='ltr'>si</span> <span class='ocrx_word' id='word_1_208' title='bbox 470 4303 509 4374; x_wconf 92' lang='lat' dir='ltr'>in</span> <span class='ocrx_word' id='word_1_209' title='bbox 525 4303 618 4376; x_wconf 83' lang='lat' dir='ltr'>Asia</span> <span class='ocrx_word' id='word_1_210' title='bbox 632 4307 746 4374; x_wconf 89' lang='lat' dir='ltr'>natus</span> <span class='ocrx_word' id='word_1_211' title='bbox 760 4309 857 4375; x_wconf 88' lang='lat' dir='ltr'>essct</span> <span class='ocrx_word' id='word_1_212' title='bbox 872 4308 908 4375; x_wconf 90' lang='lat' dir='ltr'>ct</span> <span class='ocrx_word' id='word_1_213' title='bbox 924 4304 1022 4376; x_wconf 92' lang='lat' dir='ltr'>inter</span> <span class='ocrx_word' id='word_1_214' title='bbox 1032 4306 1192 4378; x_wconf 87' lang='lat' dir='ltr'>Graecos</span> <span class='ocrx_word' id='word_1_215' title='bbox 1207 4311 1428 4399; x_wconf 89' lang='lat' dir='ltr'>perpetuam</span> 
     </span>
     <span class='ocr_line' id='line_1_30' title="bbox 300 4437 1427 4530; baseline 0 -20"><span class='ocrx_word' id='word_1_216' title='bbox 300 4442 463 4510; x_wconf 91' lang='lat' dir='ltr'>aetatem</span> <span class='ocrx_word' id='word_1_217' title='bbox 483 4437 634 4530; x_wconf 79' lang='lat' dir='ltr'>egisset,</span> <span class='ocrx_word' id='word_1_218' title='bbox 658 4438 768 4509; x_wconf 87' lang='lat' dir='ltr'>oredo</span> <span class='ocrx_word' id='word_1_219' title='bbox 791 4438 899 4509; x_wconf 92' lang='lat' dir='ltr'>illum</span> <span class='ocrx_word' id='word_1_220' title='bbox 923 4439 989 4509; x_wconf 84' lang='lat' dir='ltr'>vix</span> <span class='ocrx_word' id='word_1_221' title='bbox 1009 4438 1233 4511; x_wconf 83' lang='lat' dir='ltr'>dissimilem</span> <span class='ocrx_word' id='word_1_222' title='bbox 1254 4439 1427 4512; x_wconf 79' lang='lat' dir='ltr'>futurum</span> 
     </span>
     <span class='ocr_line' id='line_1_31' title="bbox 297 4570 1430 4667; baseline 0.003 -23"><span class='ocrx_word' id='word_1_223' title='bbox 297 4571 416 4644; x_wconf 86' lang='lat' dir='ltr'>fuisse</span> <span class='ocrx_word' id='word_1_224' title='bbox 436 4572 490 4643; x_wconf 90' lang='lat' dir='ltr'>eis</span> <span class='ocrx_word' id='word_1_225' title='bbox 510 4570 727 4644; x_wconf 90' lang='lat' dir='ltr'>rhetoribus</span> <span class='ocrx_word' id='word_1_226' title='bbox 748 4571 814 4667; x_wconf 91' lang='lat' dir='ltr'>qui</span> <span class='ocrx_word' id='word_1_227' title='bbox 836 4571 934 4643; x_wconf 92' lang='lat' dir='ltr'>nihil</span> <span class='ocrx_word' id='word_1_228' title='bbox 954 4572 1028 4644; x_wconf 92' lang='lat' dir='ltr'>nisi</span> <span class='ocrx_word' id='word_1_229' title='bbox 1056 4574 1151 4646; x_wconf 90' lang='lat' dir='ltr'>bene</span> <span class='ocrx_word' id='word_1_230' title='bbox 1173 4573 1323 4646; x_wconf 91' lang='lat' dir='ltr'>dicendi</span> <span class='ocrx_word' id='word_1_231' title='bbox 1348 4576 1430 4647; x_wconf 92' lang='lat' dir='ltr'>lau-</span> 
     </span>
    </p>
   </div>
   <div class='ocr_carea' id='block_1_5' title="bbox 0 0 1843 5528">
    <p class='ocr_par' dir='ltr' id='par_1_5' title="bbox 0 0 1843 5528">
     <span class='ocr_line' id='line_1_32' title="bbox 0 0 1843 5528; baseline 0 0"><span class='ocrx_word' id='word_1_232' title='bbox 0 0 1843 5528; x_wconf 95' lang='lat' dir='ltr'> </span> 
     </span>
    </p>
   </div>
  </div>
 </body>
</html>
