<?xml version="1.0" encoding="UTF-8"?>
<!DOCTYPE html PUBLIC "-//W3C//DTD XHTML 1.0 Transitional//EN"
    "http://www.w3.org/TR/xhtml1/DTD/xhtml1-transitional.dtd">
<html xmlns="http://www.w3.org/1999/xhtml" xml:lang="en" lang="en">
 <head>
  <title>
</title>
<meta http-equiv="Content-Type" content="text/html;charset=utf-8" />
  <meta name='ocr-system' content='tesseract 3.04.00' />
  <meta name='ocr-capabilities' content='ocr_page ocr_carea ocr_par ocr_line ocrx_word'/>
</head>
<body>
  <div class='ocr_page' id='page_1' title='image "./defavoriniarela00colagoog_0058.png"; bbox 0 0 3676 5528; ppageno 0'>
   <div class='ocr_carea' id='block_1_1' title="bbox 692 563 1457 626">
    <p class='ocr_par' dir='ltr' id='par_1_1' title="bbox 692 563 1457 626">
     <span class='ocr_line' id='line_1_1' title="bbox 692 563 1457 626; baseline 0.009 -8"><span class='ocrx_word' id='word_1_1' title='bbox 692 576 729 618; x_wconf 82' lang='lat' dir='ltr'><strong>os</strong></span> <span class='ocrx_word' id='word_1_2' title='bbox 751 576 891 620; x_wconf 71' lang='lat' dir='ltr'><strong>ssvormo</strong></span> <span class='ocrx_word' id='word_1_3' title='bbox 913 577 1056 622; x_wconf 74' lang='lat' dir='ltr'><strong>sormam.</strong></span> <span class='ocrx_word' id='word_1_4' title='bbox 1399 563 1457 626; x_wconf 82' lang='lat'><strong>33&#39;</strong></span> 
     </span>
    </p>
   </div>
   <div class='ocr_carea' id='block_1_2' title="bbox 315 704 1547 798">
    <p class='ocr_par' dir='ltr' id='par_1_2' title="bbox 315 704 1547 798">
     <span class='ocr_line' id='line_1_2' title="bbox 315 704 1547 798; baseline 0.006 -20"><span class='ocrx_word' id='word_1_5' title='bbox 315 704 543 798; x_wconf 80' lang='lat' dir='ltr'><strong>Favorinus,</strong></span> <span class='ocrx_word' id='word_1_6' title='bbox 565 705 1242 783; x_wconf 75' lang='lat' dir='ltr'><strong>idemCorinthiorum&#39;contumeliae</strong></span> <span class='ocrx_word' id='word_1_7' title='bbox 1260 709 1439 785; x_wconf 80' lang='lat' dir='ltr'><strong>disertius</strong></span> <span class='ocrx_word' id='word_1_8' title='bbox 1545 735 1547 740; x_wconf 72' lang='grc'>’</span> 
     </span>
    </p>
   </div>
   <div class='ocr_carea' id='block_1_3' title="bbox 308 840 1514 4143">
    <p class='ocr_par' dir='ltr' id='par_1_3' title="bbox 308 840 1514 4143">
     <span class='ocr_line' id='line_1_3' title="bbox 313 840 1440 940; baseline 0.005 -27"><span class='ocrx_word' id='word_1_9' title='bbox 313 840 563 940; x_wconf 83' lang='lat' dir='ltr'><strong>responderit,</strong></span> <span class='ocrx_word' id='word_1_10' title='bbox 586 840 842 935; x_wconf 76' lang='lat' dir='ltr'>intellegebat,</span> <span class='ocrx_word' id='word_1_11' title='bbox 863 847 907 914; x_wconf 93' lang='lat' dir='ltr'><strong>ut</strong></span> <span class='ocrx_word' id='word_1_12' title='bbox 921 843 1068 937; x_wconf 82' lang='lat' dir='ltr'>opinor,</span> <span class='ocrx_word' id='word_1_13' title='bbox 1086 843 1352 937; x_wconf 75' lang='lat' dir='ltr'><strong>Athenienses,</strong></span> <span class='ocrx_word' id='word_1_14' title='bbox 1366 846 1440 919; x_wconf 78' lang='lat' dir='ltr'><strong>&#39;vel</strong></span> 
     </span>
     <span class='ocr_line' id='line_1_4' title="bbox 312 974 1439 1074; baseline 0.004 -27"><span class='ocrx_word' id='word_1_15' title='bbox 312 975 439 1069; x_wconf 90' lang='lat' dir='ltr'><strong>potius</strong></span> <span class='ocrx_word' id='word_1_16' title='bbox 474 974 721 1068; x_wconf 77' lang='lat' dir='ltr'><strong>magistratus</strong></span> <span class='ocrx_word' id='word_1_17' title='bbox 757 976 1051 1051; x_wconf 83' lang='lat' dir='ltr'><strong>Atheniensium</strong></span> <span class='ocrx_word' id='word_1_18' title='bbox 1091 999 1168 1049; x_wconf 91' lang='lat' dir='ltr'><strong>non</strong></span> <span class='ocrx_word' id='word_1_19' title='bbox 1202 983 1282 1051; x_wconf 90' lang='lat' dir='ltr'><strong>tam</strong></span> <span class='ocrx_word' id='word_1_20' title='bbox 1317 979 1439 1074; x_wconf 89' lang='lat' dir='ltr'><strong>ipsius</strong></span> 
     </span>
     <span class='ocr_line' id='line_1_5' title="bbox 311 1108 1439 1204; baseline 0.003 -23"><span class='ocrx_word' id='word_1_21' title='bbox 311 1108 486 1181; x_wconf 44' lang='lat' dir='ltr'><strong>oriminis*</strong></span> <span class='ocrx_word' id='word_1_22' title='bbox 498 1108 685 1181; x_wconf 89' lang='lat' dir='ltr'><strong>rationem</strong></span> <span class='ocrx_word' id='word_1_23' title='bbox 704 1109 886 1182; x_wconf 87' lang='lat' dir='ltr'><strong>habuisse</strong></span> <span class='ocrx_word' id='word_1_24' title='bbox 905 1132 1022 1204; x_wconf 90' lang='lat' dir='ltr'><strong>quam</strong></span> <span class='ocrx_word' id='word_1_25' title='bbox 1038 1110 1232 1191; x_wconf 89' lang='lat' dir='ltr'><strong>Hadriano</strong></span> <span class='ocrx_word' id='word_1_26' title='bbox 1251 1113 1439 1186; x_wconf 78' lang='lat' dir='ltr'><strong>assentari</strong></span> 
     </span>
     <span class='ocr_line' id='line_1_6' title="bbox 312 1241 1439 1338; baseline 0.005 -24"><span class='ocrx_word' id='word_1_27' title='bbox 312 1242 513 1332; x_wconf 84' lang='lat' dir='ltr'><strong>voluisse,</strong></span> <span class='ocrx_word' id='word_1_28' title='bbox 535 1241 638 1336; x_wconf 91' lang='lat' dir='ltr'><strong>quod</strong></span> <span class='ocrx_word' id='word_1_29' title='bbox 674 1243 848 1316; x_wconf 77' lang='lat' dir='ltr'><strong>&#39;deforme</strong></span> <span class='ocrx_word' id='word_1_30' title='bbox 887 1243 1112 1338; x_wconf 85' lang='lat' dir='ltr'><strong>obsequium</strong></span> <span class='ocrx_word' id='word_1_31' title='bbox 1156 1245 1206 1318; x_wconf 93' lang='lat' dir='ltr'><strong>ad</strong></span> <span class='ocrx_word' id='word_1_32' title='bbox 1245 1257 1439 1320; x_wconf 86' lang='lat' dir='ltr'><strong>summum</strong></span> 
     </span>
     <span class='ocr_line' id='line_1_7' title="bbox 311 1375 1440 1472; baseline 0.004 -24"><span class='ocrx_word' id='word_1_33' title='bbox 311 1375 553 1449; x_wconf 80' lang='lat' dir='ltr'><strong>cavillatione</strong></span> <span class='ocrx_word' id='word_1_34' title='bbox 582 1375 741 1468; x_wconf 83' lang='lat' dir='ltr'><strong>dignum</strong></span> <span class='ocrx_word' id='word_1_35' title='bbox 777 1397 858 1450; x_wconf 87' lang='lat' dir='ltr'><strong>esse</strong></span> <span class='ocrx_word' id='word_1_36' title='bbox 890 1378 1091 1472; x_wconf 81' lang='lat' dir='ltr'><strong>censebat3</strong></span> <span class='ocrx_word' id='word_1_37' title='bbox 1129 1399 1217 1451; x_wconf 89' lang='lat' dir='ltr'><strong>oum</strong></span> <span class='ocrx_word' id='word_1_38' title='bbox 1254 1383 1383 1453; x_wconf 88' lang='lat' dir='ltr'><strong>autom</strong></span> <span class='ocrx_word' id='word_1_39' title='bbox 1416 1402 1440 1452; x_wconf 96' lang='lat' dir='ltr'><strong>a</strong></span> 
     </span>
     <span class='ocr_line' id='line_1_8' title="bbox 313 1509 1437 1606; baseline 0.004 -24"><span class='ocrx_word' id='word_1_40' title='bbox 313 1509 519 1582; x_wconf 84' lang='lat' dir='ltr'><strong>Corinthiis</strong></span> <span class='ocrx_word' id='word_1_41' title='bbox 541 1510 680 1604; x_wconf 14' lang='lat' dir='ltr'><strong>ipsum*</strong></span> <span class='ocrx_word' id='word_1_42' title='bbox 696 1509 834 1604; x_wconf 79' lang='lat' dir='ltr'><strong>flagitii</strong></span> <span class='ocrx_word' id='word_1_43' title='bbox 856 1511 999 1584; x_wconf 89' lang='lat' dir='ltr'><strong>orimen</strong></span> <span class='ocrx_word' id='word_1_44' title='bbox 1015 1512 1204 1606; x_wconf 89' lang='lat' dir='ltr'><strong>prolatum</strong></span> <span class='ocrx_word' id='word_1_45' title='bbox 1224 1517 1335 1603; x_wconf 87' lang='lat' dir='ltr'><strong>esset,</strong></span> <span class='ocrx_word' id='word_1_46' title='bbox 1353 1518 1437 1586; x_wconf 89' lang='lat' dir='ltr'><strong>tum</strong></span> 
     </span>
     <span class='ocr_line' id='line_1_9' title="bbox 308 1642 1435 1738; baseline 0.003 -23"><span class='ocrx_word' id='word_1_47' title='bbox 308 1664 402 1715; x_wconf 62' lang='lat' dir='ltr'><strong>vnero</strong></span> <span class='ocrx_word' id='word_1_48' title='bbox 430 1642 653 1737; x_wconf 83' lang='lat' dir='ltr'><strong>diligentius</strong></span> <span class='ocrx_word' id='word_1_49' title='bbox 688 1644 998 1738; x_wconf 80' lang='lat' dir='ltr'><strong>redarguendum</strong></span> <span class='ocrx_word' id='word_1_50' title='bbox 1025 1665 1106 1718; x_wconf 89' lang='lat' dir='ltr'><strong>esse</strong></span> <span class='ocrx_word' id='word_1_51' title='bbox 1140 1646 1177 1718; x_wconf 75' lang='lat' dir='ltr'><strong>&#39;ei</strong></span> <span class='ocrx_word' id='word_1_52' title='bbox 1209 1645 1338 1719; x_wconf 88' lang='lat' dir='ltr'><strong>visum</strong></span> <span class='ocrx_word' id='word_1_53' title='bbox 1365 1651 1435 1720; x_wconf 83' lang='lat' dir='ltr'><strong>est.</strong></span> 
     </span>
     <span class='ocr_line' id='line_1_10' title="bbox 312 1775 1440 1871; baseline 0.004 -23"><span class='ocrx_word' id='word_1_54' title='bbox 312 1775 487 1854; x_wconf 75' lang='lat' dir='ltr'><strong>Neove&#39;ro</strong></span> <span class='ocrx_word' id='word_1_55' title='bbox 507 1777 601 1848; x_wconf 93' lang='lat' dir='ltr'><strong>illud</strong></span> <span class='ocrx_word' id='word_1_56' title='bbox 622 1775 762 1848; x_wconf 90' lang='lat' dir='ltr'><strong>mirum</strong></span> <span class='ocrx_word' id='word_1_57' title='bbox 776 1777 877 1871; x_wconf 93' lang='lat' dir='ltr'><strong>quod</strong></span> <span class='ocrx_word' id='word_1_58' title='bbox 896 1777 1004 1850; x_wconf 92' lang='lat' dir='ltr'><strong>nulla</strong></span> <span class='ocrx_word' id='word_1_59' title='bbox 1022 1791 1045 1850; x_wconf 89' lang='lat' dir='ltr'><strong>a</strong></span> <span class='ocrx_word' id='word_1_60' title='bbox 1064 1777 1295 1852; x_wconf 86' lang='lat' dir='ltr'><strong>Philostrato</strong></span> <span class='ocrx_word' id='word_1_61' title='bbox 1310 1779 1440 1853; x_wconf 82' lang='lat' dir='ltr'><strong>Corin-</strong></span> 
     </span>
     <span class='ocr_line' id='line_1_11' title="bbox 312 1910 1439 2006; baseline 0.004 -24"><span class='ocrx_word' id='word_1_62' title='bbox 312 1911 481 1983; x_wconf 92' lang='lat' dir='ltr'><strong>thiorum</strong></span> <span class='ocrx_word' id='word_1_63' title='bbox 502 1911 644 1984; x_wconf 90' lang='lat' dir='ltr'><strong>mentio</strong></span> <span class='ocrx_word' id='word_1_64' title='bbox 662 1910 763 1988; x_wconf 75' lang='lat' dir='ltr'><strong>taeta</strong></span> <span class='ocrx_word' id='word_1_65' title='bbox 778 1916 846 2002; x_wconf 90' lang='lat' dir='ltr'><strong>est,</strong></span> <span class='ocrx_word' id='word_1_66' title='bbox 866 1911 1053 2006; x_wconf 91' lang='lat' dir='ltr'><strong>siquidem</strong></span> <span class='ocrx_word' id='word_1_67' title='bbox 1069 1913 1231 1986; x_wconf 89' lang='lat' dir='ltr'><strong>Athenis</strong></span> <span class='ocrx_word' id='word_1_68' title='bbox 1247 1929 1439 1988; x_wconf 88' lang='lat' dir='ltr'><strong>sermones</strong></span> 
     </span>
     <span class='ocr_line' id='line_1_12' title="bbox 309 2043 1440 2138; baseline 0.003 -21"><span class='ocrx_word' id='word_1_69' title='bbox 309 2043 377 2138; x_wconf 88' lang='lat' dir='ltr'><strong>qui</strong></span> <span class='ocrx_word' id='word_1_70' title='bbox 406 2045 453 2117; x_wconf 89' lang='lat' dir='ltr'><strong>de</strong></span> <span class='ocrx_word' id='word_1_71' title='bbox 487 2044 675 2116; x_wconf 86' lang='lat' dir='ltr'><strong>Favorino</strong></span> <span class='ocrx_word' id='word_1_72' title='bbox 713 2045 937 2117; x_wconf 88' lang='lat' dir='ltr'><strong>serebantur</strong></span> <span class='ocrx_word' id='word_1_73' title='bbox 964 2046 1150 2119; x_wconf 66' lang='lat' dir='ltr'><strong>audivitt.</strong></span> <span class='ocrx_word' id='word_1_74' title='bbox 1184 2047 1440 2120; x_wconf 86' lang='lat' dir='ltr'><strong>Athenienses</strong></span> 
     </span>
     <span class='ocr_line' id='line_1_13' title="bbox 311 2177 1439 2275; baseline 0.004 -26"><span class='ocrx_word' id='word_1_75' title='bbox 311 2177 430 2270; x_wconf 89' lang='lat' dir='ltr'><strong>enim,</strong></span> <span class='ocrx_word' id='word_1_76' title='bbox 462 2183 506 2250; x_wconf 93' lang='lat' dir='ltr'><strong>ut</strong></span> <span class='ocrx_word' id='word_1_77' title='bbox 533 2178 682 2273; x_wconf 84' lang='lat' dir='ltr'><strong>opinor,</strong></span> <span class='ocrx_word' id='word_1_78' title='bbox 709 2178 837 2250; x_wconf 90' lang='lat' dir='ltr'><strong>minus</strong></span> <span class='ocrx_word' id='word_1_79' title='bbox 862 2179 1090 2253; x_wconf 90' lang='lat' dir='ltr'><strong>laborabant</strong></span> <span class='ocrx_word' id='word_1_80' title='bbox 1126 2181 1219 2275; x_wconf 90' lang='lat' dir='ltr'><strong>quid</strong></span> <span class='ocrx_word' id='word_1_81' title='bbox 1252 2180 1439 2254; x_wconf 84' lang='lat' dir='ltr'><strong>Corinthii</strong></span> 
     </span>
     <span class='ocr_line' id='line_1_14' title="bbox 311 2311 1439 2408; baseline 0.003 -24"><span class='ocrx_word' id='word_1_82' title='bbox 311 2316 468 2405; x_wconf 82' lang='lat' dir='ltr'><strong>agerent</strong></span> <span class='ocrx_word' id='word_1_83' title='bbox 486 2332 609 2405; x_wconf 89' lang='lat' dir='ltr'><strong>neque</strong></span> <span class='ocrx_word' id='word_1_84' title='bbox 635 2311 684 2384; x_wconf 87' lang='lat' dir='ltr'><strong>ad</strong></span> <span class='ocrx_word' id='word_1_85' title='bbox 705 2333 836 2384; x_wconf 88' lang='lat' dir='ltr'><strong>eorum</strong></span> <span class='ocrx_word' id='word_1_86' title='bbox 863 2312 1039 2385; x_wconf 89' lang='lat' dir='ltr'><strong>notitiam</strong></span> <span class='ocrx_word' id='word_1_87' title='bbox 1058 2319 1284 2408; x_wconf 85' lang='lat' dir='ltr'><strong>pervenerat</strong></span> <span class='ocrx_word' id='word_1_88' title='bbox 1306 2313 1439 2387; x_wconf 86' lang='lat' dir='ltr'><strong>Corin·-</strong></span> 
     </span>
     <span class='ocr_line' id='line_1_15' title="bbox 312 2444 1439 2544; baseline 0.004 -27"><span class='ocrx_word' id='word_1_89' title='bbox 312 2445 440 2519; x_wconf 87' lang='lat' dir='ltr'><strong>thiaoa</strong></span> <span class='ocrx_word' id='word_1_90' title='bbox 463 2445 597 2517; x_wconf 91' lang='lat' dir='ltr'><strong>oratio.</strong></span> <span class='ocrx_word' id='word_1_91' title='bbox 626 2444 697 2532; x_wconf 85' lang='lat' dir='ltr'><strong>Qui</strong></span> <span class='ocrx_word' id='word_1_92' title='bbox 717 2444 763 2517; x_wconf 86' lang='lat' dir='ltr'><strong>tit</strong></span> <span class='ocrx_word' id='word_1_93' title='bbox 786 2450 914 2518; x_wconf 91' lang='lat' dir='ltr'><strong>autem</strong></span> <span class='ocrx_word' id='word_1_94' title='bbox 941 2446 1070 2544; x_wconf 75' lang='lat' dir='ltr'><strong>utillo</strong></span> <span class='ocrx_word' id='word_1_95' title='bbox 1092 2447 1280 2542; x_wconf 88' lang='lat' dir='ltr'><strong>posterius</strong></span> <span class='ocrx_word' id='word_1_96' title='bbox 1306 2445 1439 2521; x_wconf 90' lang='lat' dir='ltr'><strong>Dionis</strong></span> 
     </span>
     <span class='ocr_line' id='line_1_16' title="bbox 312 2579 1438 2675; baseline 0.002 -23"><span class='ocrx_word' id='word_1_97' title='bbox 312 2580 549 2652; x_wconf 89' lang='lat' dir='ltr'><strong>orationibus</strong></span> <span class='ocrx_word' id='word_1_98' title='bbox 579 2579 723 2652; x_wconf 89' lang='lat' dir='ltr'><strong>inserta</strong></span> <span class='ocrx_word' id='word_1_99' title='bbox 749 2579 825 2651; x_wconf 72' lang='lat' dir='ltr'><strong>siti</strong></span> <span class='ocrx_word' id='word_1_100' title='bbox 844 2579 936 2674; x_wconf 86' lang='lat' dir='ltr'><strong>Ejus</strong></span> <span class='ocrx_word' id='word_1_101' title='bbox 954 2591 1108 2675; x_wconf 82' lang='lat' dir='ltr'><strong>&#39;quoque</strong></span> <span class='ocrx_word' id='word_1_102' title='bbox 1130 2581 1185 2655; x_wconf 90' lang='lat' dir='ltr'><strong>rei</strong></span> <span class='ocrx_word' id='word_1_103' title='bbox 1208 2581 1305 2655; x_wconf 88' lang='lat' dir='ltr'><strong>ratio</strong></span> <span class='ocrx_word' id='word_1_104' title='bbox 1330 2582 1438 2656; x_wconf 88' lang='lat' dir='ltr'><strong>reddi</strong></span> 
     </span>
     <span class='ocr_line' id='line_1_17' title="bbox 311 2713 1438 2809; baseline 0.002 -23"><span class='ocrx_word' id='word_1_105' title='bbox 311 2719 447 2808; x_wconf 88' lang='lat' dir='ltr'><strong>potest.</strong></span> <span class='ocrx_word' id='word_1_106' title='bbox 469 2713 565 2786; x_wconf 90' lang='lat' dir='ltr'><strong>Nam</strong></span> <span class='ocrx_word' id='word_1_107' title='bbox 588 2713 756 2807; x_wconf 90' lang='lat' dir='ltr'><strong>primum</strong></span> <span class='ocrx_word' id='word_1_108' title='bbox 775 2735 799 2786; x_wconf 93' lang='lat' dir='ltr'><strong>a</strong></span> <span class='ocrx_word' id='word_1_109' title='bbox 818 2737 955 2807; x_wconf 88' lang='lat' dir='ltr'><strong>parum</strong></span> <span class='ocrx_word' id='word_1_110' title='bbox 980 2714 1106 2809; x_wconf 83' lang='lat' dir='ltr'><strong>sagaci</strong></span> <span class='ocrx_word' id='word_1_111' title='bbox 1131 2715 1287 2789; x_wconf 91' lang='lat' dir='ltr'><strong>homine</strong></span> <span class='ocrx_word' id='word_1_112' title='bbox 1306 2715 1438 2788; x_wconf 89' lang='lat' dir='ltr'><strong>Dionis</strong></span> 
     </span>
     <span class='ocr_line' id='line_1_18' title="bbox 311 2847 1438 2944; baseline 0.004 -26"><span class='ocrx_word' id='word_1_113' title='bbox 311 2869 426 2941; x_wconf 88' lang='lat' dir='ltr'><strong>opera</strong></span> <span class='ocrx_word' id='word_1_114' title='bbox 450 2847 489 2918; x_wconf 90' lang='lat' dir='ltr'><strong>in</strong></span> <span class='ocrx_word' id='word_1_115' title='bbox 509 2869 631 2921; x_wconf 90' lang='lat' dir='ltr'><strong>unum</strong></span> <span class='ocrx_word' id='word_1_116' title='bbox 646 2869 782 2941; x_wconf 87' lang='lat' dir='ltr'><strong>eorpus</strong></span> <span class='ocrx_word' id='word_1_117' title='bbox 797 2852 976 2942; x_wconf 77' lang='lat' dir='ltr'><strong>congesta</strong></span> <span class='ocrx_word' id='word_1_118' title='bbox 994 2869 1076 2920; x_wconf 91' lang='lat' dir='ltr'><strong>esse</strong></span> <span class='ocrx_word' id='word_1_119' title='bbox 1095 2853 1257 2942; x_wconf 78' lang='lat' dir='ltr'><strong>constat,</strong></span> <span class='ocrx_word' id='word_1_120' title='bbox 1280 2848 1320 2923; x_wconf 91' lang='lat' dir='ltr'><strong>iu</strong></span> <span class='ocrx_word' id='word_1_121' title='bbox 1335 2850 1438 2944; x_wconf 90' lang='lat' dir='ltr'><strong>quod</strong></span> 
     </span>
     <span class='ocr_line' id='line_1_19' title="bbox 308 2961 1514 3075; baseline 0.004 -23"><span class='ocrx_word' id='word_1_122' title='bbox 308 2981 409 3054; x_wconf 88' lang='lat' dir='ltr'><strong>aliae</strong></span> <span class='ocrx_word' id='word_1_123' title='bbox 428 3003 579 3075; x_wconf 89' lang='lat' dir='ltr'><strong>quoque</strong></span> <span class='ocrx_word' id='word_1_124' title='bbox 609 2980 760 3075; x_wconf 89' lang='lat' dir='ltr'><strong>spuriae</strong></span> <span class='ocrx_word' id='word_1_125' title='bbox 788 2981 1187 3056; x_wconf 76' lang='lat' dir='ltr'><strong>orationesadmissae</strong></span> <span class='ocrx_word' id='word_1_126' title='bbox 1215 2987 1317 3058; x_wconf 90' lang='lat' dir='ltr'><strong>sunt.</strong></span> <span class='ocrx_word' id='word_1_127' title='bbox 1342 2985 1439 3057; x_wconf 92' lang='lat' dir='ltr'><strong>Rur-</strong></span> <span class='ocrx_word' id='word_1_128' title='bbox 1512 2961 1514 2965; x_wconf 32' lang='lat'>¹</span> 
     </span>
     <span class='ocr_line' id='line_1_20' title="bbox 312 3113 1438 3222; baseline 0.005 -38"><span class='ocrx_word' id='word_1_129' title='bbox 312 3135 377 3186; x_wconf 92' lang='lat' dir='ltr'><strong>sus</strong></span> <span class='ocrx_word' id='word_1_130' title='bbox 401 3113 473 3208; x_wconf 92' lang='lat' dir='ltr'><strong>ipsi</strong></span> <span class='ocrx_word' id='word_1_131' title='bbox 500 3113 689 3194; x_wconf 83' lang='lat' dir='ltr'><strong>Favorino</strong></span> <span class='ocrx_word' id='word_1_132' title='bbox 714 3113 881 3222; x_wconf 90' lang='lat' dir='ltr'><strong>itemque</strong></span> <span class='ocrx_word' id='word_1_133' title='bbox 908 3114 1090 3210; x_wconf 82' lang='lat' dir='ltr'><strong>Dionysio</strong></span> <span class='ocrx_word' id='word_1_134' title='bbox 1119 3117 1264 3189; x_wconf 87' lang='lat' dir='ltr'><strong>Milesio</strong></span> <span class='ocrx_word' id='word_1_135' title='bbox 1288 3117 1438 3211; x_wconf 87' lang='lat' dir='ltr'><strong>spurias</strong></span> 
     </span>
     <span class='ocr_line' id='line_1_21' title="bbox 312 3247 1435 3342; baseline 0.004 -22"><span class='ocrx_word' id='word_1_136' title='bbox 312 3248 502 3321; x_wconf 91' lang='lat' dir='ltr'><strong>orationes</strong></span> <span class='ocrx_word' id='word_1_137' title='bbox 534 3247 746 3342; x_wconf 83' lang='lat' dir='ltr'><strong>adscriptas</strong></span> <span class='ocrx_word' id='word_1_138' title='bbox 790 3247 907 3321; x_wconf 84' lang='lat' dir='ltr'><strong>fuisse</strong></span> <span class='ocrx_word' id='word_1_139' title='bbox 947 3254 1110 3323; x_wconf 86' lang='lat' dir='ltr'><strong>testatur</strong></span> <span class='ocrx_word' id='word_1_140' title='bbox 1145 3251 1435 3324; x_wconf 49' lang='lat' dir='ltr'><strong>Philostratus&amp;</strong></span> 
     </span>
     <span class='ocr_line' id='line_1_22' title="bbox 313 3381 1438 3479; baseline 0.005 -27"><span class='ocrx_word' id='word_1_141' title='bbox 313 3381 421 3454; x_wconf 92' lang='lat' dir='ltr'><strong>Adde</strong></span> <span class='ocrx_word' id='word_1_142' title='bbox 454 3382 683 3475; x_wconf 74' lang='lat' dir='ltr'><strong>quodcum</strong></span> <span class='ocrx_word' id='word_1_143' title='bbox 716 3381 815 3454; x_wconf 89' lang='lat' dir='ltr'><strong>inter</strong></span> <span class='ocrx_word' id='word_1_144' title='bbox 844 3382 1002 3456; x_wconf 88' lang='lat' dir='ltr'><strong>Dionem</strong></span> <span class='ocrx_word' id='word_1_145' title='bbox 1031 3388 1069 3456; x_wconf 92' lang='lat' dir='ltr'><strong>et</strong></span> <span class='ocrx_word' id='word_1_146' title='bbox 1092 3384 1341 3478; x_wconf 82' lang='lat' dir='ltr'><strong>Favorinum,</strong></span> <span class='ocrx_word' id='word_1_147' title='bbox 1371 3385 1438 3479; x_wconf 90' lang='lat' dir='ltr'><strong>qui</strong></span> 
     </span>
     <span class='ocr_line' id='line_1_23' title="bbox 313 3514 1439 3609; baseline 0.005 -23"><span class='ocrx_word' id='word_1_148' title='bbox 313 3514 445 3588; x_wconf 88' lang='lat' dir='ltr'><strong>Dionis</strong></span> <span class='ocrx_word' id='word_1_149' title='bbox 470 3515 679 3609; x_wconf 78' lang='lat' dir='ltr'><strong>discipulus</strong></span> <span class='ocrx_word' id='word_1_150' title='bbox 708 3515 826 3589; x_wconf 84' lang='lat' dir='ltr'><strong>fuisse</strong></span> <span class='ocrx_word' id='word_1_151' title='bbox 852 3515 1078 3609; x_wconf 75' lang='lat' dir='ltr'><strong>terebatur3,</strong></span> <span class='ocrx_word' id='word_1_152' title='bbox 1105 3523 1187 3590; x_wconf 93' lang='lat' dir='ltr'><strong>tum</strong></span> <span class='ocrx_word' id='word_1_153' title='bbox 1221 3518 1319 3592; x_wconf 89' lang='lat' dir='ltr'><strong>inter</strong></span> <span class='ocrx_word' id='word_1_154' title='bbox 1338 3519 1439 3592; x_wconf 80' lang='lat' dir='ltr'><strong>Rho</strong></span> 
     </span>
     <span class='ocr_line' id='line_1_24' title="bbox 313 3648 1440 3747; baseline 0.004 -26"><span class='ocrx_word' id='word_1_155' title='bbox 313 3649 462 3722; x_wconf 80' lang='lat' dir='ltr'><strong>dianam</strong></span> <span class='ocrx_word' id='word_1_156' title='bbox 482 3653 519 3722; x_wconf 89' lang='lat' dir='ltr'><strong>et</strong></span> <span class='ocrx_word' id='word_1_157' title='bbox 544 3648 828 3722; x_wconf 83' lang='lat' dir='ltr'><strong>Corinthiaoam</strong></span> <span class='ocrx_word' id='word_1_158' title='bbox 856 3651 1066 3724; x_wconf 89' lang='lat' dir='ltr'><strong>orationem</strong></span> <span class='ocrx_word' id='word_1_159' title='bbox 1093 3674 1294 3725; x_wconf 83' lang='lat' dir='ltr'><strong>commune</strong></span> <span class='ocrx_word' id='word_1_160' title='bbox 1320 3653 1440 3747; x_wconf 90' lang='lat' dir='ltr'><strong>quid-</strong></span> 
     </span>
     <span class='ocr_line' id='line_1_25' title="bbox 312 3782 1440 3877; baseline 0.003 -22"><span class='ocrx_word' id='word_1_161' title='bbox 312 3782 401 3855; x_wconf 90' lang='lat' dir='ltr'><strong>dam</strong></span> <span class='ocrx_word' id='word_1_162' title='bbox 417 3782 705 3858; x_wconf 65' lang='lat' dir='ltr'><strong>intercedendo.</strong></span> <span class='ocrx_word' id='word_1_163' title='bbox 729 3782 885 3862; x_wconf 89' lang='lat' dir='ltr'><strong>Minime</strong></span> <span class='ocrx_word' id='word_1_164' title='bbox 905 3783 1023 3877; x_wconf 81' lang='lat' dir='ltr'><strong>igitur</strong></span> <span class='ocrx_word' id='word_1_165' title='bbox 1043 3785 1184 3857; x_wconf 91' lang='lat' dir='ltr'><strong>mirum</strong></span> <span class='ocrx_word' id='word_1_166' title='bbox 1200 3790 1257 3858; x_wconf 89' lang='lat' dir='ltr'><strong>est</strong></span> <span class='ocrx_word' id='word_1_167' title='bbox 1278 3785 1310 3859; x_wconf 91' lang='lat' dir='ltr'><strong>si</strong></span> <span class='ocrx_word' id='word_1_168' title='bbox 1327 3786 1440 3858; x_wconf 86' lang='lat' dir='ltr'><strong>disei-</strong></span> 
     </span>
     <span class='ocr_line' id='line_1_26' title="bbox 312 3915 1439 4012; baseline 0.003 -23"><span class='ocrx_word' id='word_1_169' title='bbox 312 3915 393 4011; x_wconf 88' lang='lat' dir='ltr'><strong>puli</strong></span> <span class='ocrx_word' id='word_1_170' title='bbox 412 3915 533 3988; x_wconf 91' lang='lat' dir='ltr'><strong>oratio</strong></span> <span class='ocrx_word' id='word_1_171' title='bbox 552 3937 638 3988; x_wconf 87' lang='lat' dir='ltr'><strong>oum</strong></span> <span class='ocrx_word' id='word_1_172' title='bbox 661 3915 831 3989; x_wconf 88' lang='lat' dir='ltr'><strong>oratione</strong></span> <span class='ocrx_word' id='word_1_173' title='bbox 855 3915 1245 4012; x_wconf 84' lang='lat' dir='ltr'><strong>magistrioonjuuota</strong></span> <span class='ocrx_word' id='word_1_174' title='bbox 1260 3923 1330 4011; x_wconf 90' lang='lat' dir='ltr'><strong>est,</strong></span> <span class='ocrx_word' id='word_1_175' title='bbox 1342 3937 1439 3992; x_wconf 79' lang='lat' dir='ltr'><strong>¹eum</strong></span> 
     </span>
     <span class='ocr_line' id='line_1_27' title="bbox 313 4048 959 4143; baseline 0 -21"><span class='ocrx_word' id='word_1_176' title='bbox 313 4055 471 4143; x_wconf 88' lang='lat' dir='ltr'><strong>uterque</strong></span> <span class='ocrx_word' id='word_1_177' title='bbox 490 4049 536 4121; x_wconf 90' lang='lat' dir='ltr'><strong>de</strong></span> <span class='ocrx_word' id='word_1_178' title='bbox 556 4049 694 4121; x_wconf 86' lang='lat' dir='ltr'><strong>statuis</strong></span> <span class='ocrx_word' id='word_1_179' title='bbox 706 4048 959 4123; x_wconf 88' lang='lat' dir='ltr'><strong>disseruisset.</strong></span> 
     </span>
    </p>
   </div>
   <div class='ocr_carea' id='block_1_4' title="bbox 243 4269 1439 4612">
    <p class='ocr_par' dir='ltr' id='par_1_4' title="bbox 243 4269 1044 4433">
     <span class='ocr_line' id='line_1_28' title="bbox 350 4269 694 4340; baseline 0.009 -15"><span class='ocrx_word' id='word_1_180' title='bbox 350 4269 357 4302; x_wconf 89' lang='lat'><strong>¹</strong></span> <span class='ocrx_word' id='word_1_181' title='bbox 378 4270 420 4326; x_wconf 82' lang='lat' dir='ltr'><strong>Gt.</strong></span> <span class='ocrx_word' id='word_1_182' title='bbox 436 4284 540 4340; x_wconf 88' lang='lat' dir='ltr'><strong>supra,</strong></span> <span class='ocrx_word' id='word_1_183' title='bbox 552 4286 582 4339; x_wconf 91' lang='lat' dir='ltr'><strong>p.</strong></span> <span class='ocrx_word' id='word_1_184' title='bbox 594 4271 626 4324; x_wconf 76' lang='lat' dir='ltr'><strong>nl</strong></span> <span class='ocrx_word' id='word_1_185' title='bbox 643 4286 694 4340; x_wconf 89' lang='lat' dir='ltr'><strong>sq.</strong></span> 
     </span>
     <span class='ocr_line' id='line_1_29' title="bbox 243 4358 1044 4433; baseline 0.01 -21"><span class='ocrx_word' id='word_1_186' title='bbox 243 4364 246 4369; x_wconf 84' lang='grc'><em>·</em></span> <span class='ocrx_word' id='word_1_187' title='bbox 348 4358 360 4392; x_wconf 78' lang='lat'>²</span> <span class='ocrx_word' id='word_1_188' title='bbox 378 4359 593 4429; x_wconf 86' lang='lat' dir='ltr'><strong>Philostratus,</strong></span> <span class='ocrx_word' id='word_1_189' title='bbox 615 4361 646 4412; x_wconf 89' lang='lat' dir='ltr'><strong>V.</strong></span> <span class='ocrx_word' id='word_1_190' title='bbox 662 4358 705 4430; x_wconf 75' lang='lat' dir='ltr'><strong>S,</strong></span> <span class='ocrx_word' id='word_1_191' title='bbox 719 4362 741 4431; x_wconf 86' lang='grc' dir='ltr'><strong>Ι,</strong></span> <span class='ocrx_word' id='word_1_192' title='bbox 752 4373 820 4432; x_wconf 84' lang='lat' dir='ltr'><strong>vrn,</strong></span> <span class='ocrx_word' id='word_1_193' title='bbox 836 4361 909 4433; x_wconf 79' lang='lat'><strong>631,</strong></span> <span class='ocrx_word' id='word_1_194' title='bbox 922 4375 999 4432; x_wconf 83' lang='lat' dir='ltr'><strong>xxu,</strong></span> <span class='ocrx_word' id='word_1_195' title='bbox 1013 4361 1044 4420; x_wconf 88' lang='lat'><strong>5.</strong></span> 
     </span>
    </p>

    <p class='ocr_par' dir='ltr' id='par_1_5' title="bbox 314 4447 1439 4612">
     <span class='ocr_line' id='line_1_30' title="bbox 349 4447 1439 4520; baseline 0.005 -19"><span class='ocrx_word' id='word_1_196' title='bbox 349 4452 359 4486; x_wconf 85' lang='lat'>³</span> <span class='ocrx_word' id='word_1_197' title='bbox 377 4447 432 4518; x_wconf 91' lang='lat' dir='ltr'><strong>ld.‚</strong></span> <span class='ocrx_word' id='word_1_198' title='bbox 449 4447 533 4519; x_wconf 76' lang='lat' dir='ltr'><strong>ibid,</strong></span> <span class='ocrx_word' id='word_1_199' title='bbox 550 4449 573 4518; x_wconf 92' lang='lat' dir='ltr'><strong>l,</strong></span> <span class='ocrx_word' id='word_1_200' title='bbox 588 4461 656 4519; x_wconf 85' lang='lat' dir='ltr'><strong>vnr,</strong></span> <span class='ocrx_word' id='word_1_201' title='bbox 669 4449 686 4502; x_wconf 91' lang='lat'><strong>3</strong></span> <span class='ocrx_word' id='word_1_202' title='bbox 699 4454 731 4505; x_wconf 86' lang='lat' dir='ltr'><strong>et</strong></span> <span class='ocrx_word' id='word_1_203' title='bbox 743 4449 777 4505; x_wconf 87' lang='lat'><strong>7:</strong></span> <span class='ocrx_word' id='word_1_204' title='bbox 799 4465 975 4520; x_wconf 86' lang='lat' dir='ltr'><strong>quanquam</strong></span> <span class='ocrx_word' id='word_1_205' title='bbox 998 4450 1074 4506; x_wconf 84' lang='lat' dir='ltr'><strong>dixit</strong></span> <span class='ocrx_word' id='word_1_206' title='bbox 1089 4451 1294 4507; x_wconf 86' lang='lat' dir='ltr'><strong>Philostratus</strong></span> <span class='ocrx_word' id='word_1_207' title='bbox 1310 4453 1439 4507; x_wconf 87' lang='lat' dir='ltr'><strong>multum</strong></span> 
     </span>
     <span class='ocr_line' id='line_1_31' title="bbox 314 4536 1045 4612; baseline 0.008 -22"><span class='ocrx_word' id='word_1_208' title='bbox 314 4536 441 4592; x_wconf 84' lang='lat' dir='ltr'><strong>aDione</strong></span> <span class='ocrx_word' id='word_1_209' title='bbox 454 4537 570 4592; x_wconf 86' lang='lat' dir='ltr'><strong>distare</strong></span> <span class='ocrx_word' id='word_1_210' title='bbox 586 4537 775 4594; x_wconf 79' lang='lat' dir='ltr'><strong>Favorinum.</strong></span> <span class='ocrx_word' id='word_1_211' title='bbox 790 4539 832 4595; x_wconf 84' lang='lat' dir='ltr'><strong>Gl.</strong></span> <span class='ocrx_word' id='word_1_212' title='bbox 848 4555 998 4612; x_wconf 88' lang='lat' dir='ltr'><strong>sup1·a,p.</strong></span> <span class='ocrx_word' id='word_1_213' title='bbox 1013 4539 1045 4597; x_wconf 92' lang='lat'><strong>8.</strong></span> 
     </span>
    </p>
   </div>
   <div class='ocr_carea' id='block_1_5' title="bbox 349 4625 1318 4768">
    <p class='ocr_par' dir='ltr' id='par_1_6' title="bbox 349 4625 1318 4768">
     <span class='ocr_line' id='line_1_32' title="bbox 349 4625 1223 4699; baseline 0.006 -19"><span class='ocrx_word' id='word_1_214' title='bbox 349 4625 359 4657; x_wconf 85' lang='lat'>⁴</span> <span class='ocrx_word' id='word_1_215' title='bbox 379 4627 420 4680; x_wconf 85' lang='lat' dir='ltr'><strong>Cf.</strong></span> <span class='ocrx_word' id='word_1_216' title='bbox 437 4627 588 4698; x_wconf 87' lang='lat' dir='ltr'><strong>Photium,</strong></span> <span class='ocrx_word' id='word_1_217' title='bbox 605 4626 696 4697; x_wconf 68' lang='lat' dir='ltr'><strong>But,</strong></span> <span class='ocrx_word' id='word_1_218' title='bbox 715 4629 783 4685; x_wconf 86' lang='lat' dir='ltr'><strong>eod.</strong></span> <span class='ocrx_word' id='word_1_219' title='bbox 803 4629 865 4699; x_wconf 76' lang='lat'><strong>209,</strong></span> <span class='ocrx_word' id='word_1_220' title='bbox 884 4645 914 4699; x_wconf 90' lang='lat' dir='ltr'><strong>p.</strong></span> <span class='ocrx_word' id='word_1_221' title='bbox 933 4627 999 4683; x_wconf 69' lang='lat' dir='ltr'><strong>totth</strong></span> <span class='ocrx_word' id='word_1_222' title='bbox 1024 4630 1072 4686; x_wconf 89' lang='lat' dir='ltr'><strong>ed.</strong></span> <span class='ocrx_word' id='word_1_223' title='bbox 1093 4629 1223 4686; x_wconf 77' lang='lat' dir='ltr'><strong>bekker.</strong></span> 
     </span>
     <span class='ocr_line' id='line_1_33' title="bbox 514 4723 1318 4768; baseline 0.006 -5"><span class='ocrx_word' id='word_1_224' title='bbox 514 4729 517 4736; x_wconf 85' lang='lat'>&#39;</span> <span class='ocrx_word' id='word_1_225' title='bbox 1302 4723 1318 4768; x_wconf 78' lang='lat'>4</span> 
     </span>
    </p>
   </div>
   <div class='ocr_carea' id='block_1_6' title="bbox 0 0 1842 5528">
    <p class='ocr_par' dir='ltr' id='par_1_7' title="bbox 0 0 1842 5528">
     <span class='ocr_line' id='line_1_34' title="bbox 0 0 1842 5528; baseline 0 0"><span class='ocrx_word' id='word_1_226' title='bbox 0 0 1842 5528; x_wconf 95' lang='lat' dir='ltr'><strong> </strong></span> 
     </span>
    </p>
   </div>
  </div>
 </body>
</html>
