3676 5528
703 575 739 617 uu
760 573 900 618 ruvonmo
921 574 1063 618 sornrsm.
1362 599 1370 614 ·
1408 559 1446 620 Ἡ

319 708 503 782 Graecam
531 704 774 800 disciplinam
802 711 1066 802 recusarent¹;
1097 728 1185 780 cum
1223 706 1446 802 praesertim

319 863 368 914 ne
387 841 526 912 absens
549 838 703 933 quidem
726 838 878 931 ignotus
898 861 921 910 a
945 838 1095 913 civibus
1114 839 1292 913 videatur
1314 839 1444 930 fuisse,
1520 875 1523 882 ·

319 973 472 1069 quando
489 972 591 1046 domi
611 972 784 1046 sacerdos
798 973 1041 1046 renuntiatus
1056 976 1149 1047 esti.
1172 973 1278 1046 Certe
1298 974 1446 1045 nullum

319 1109 498 1182 novimus
513 1112 701 1180 oratorem
715 1106 782 1200 qui
796 1107 851 1179 ita
864 1112 994 1201 aptam
1011 1108 1204 1182 Gallorum
1215 1107 1446 1180 mentionem

318 1243 442 1316 facere
460 1241 637 1337 potuerit.

369 1376 597 1470 Quanquam
624 1375 689 1448 illa
710 1381 936 1470 argumenta
954 1376 1113 1450 fortasse
1135 1376 1264 1449 minus
1289 1382 1379 1472 apta
1397 1376 1447 1449 ad

320 1511 437 1584 iidem
475 1509 687 1583 taciendam
709 1509 987 1583 ¹videbuntur:
1023 1533 1121 1605 quae
1152 1519 1242 1585 vero
1267 1511 1308 1583 in
1327 1512 1448 1584 altera

320 1643 552 1718 defensionis
571 1649 691 1737 parte,
723 1644 809 1717 falsi
833 1644 1004 1718 criminis
1031 1645 1227 1719 refellendi
1246 1667 1375 1736 causa,
1398 1646 1446 1719 ab

321 1784 468 1853 oratore
496 1778 645 1872 prolata
671 1783 774 1868 sunt,
796 1799 841 1851 ea
869 1779 1066 1874 aptissime
1086 1780 1275 1852 Favorino
1293 1783 1448 1853 'conve-

319 1905 632 1987 niunt.'Primum
648 1912 750 1984 enim
763 1918 895 1985 narrat
910 1913 1163 1986 Philostratus
1179 1913 1444 2005 Athenienses

320 2067 384 2118 eos
409 2049 508 2118 certe
538 2044 605 2138 qui
634 2045 881 2139 magistratus
904 2047 1099 2138 gerebant,
1139 2068 1297 2119 aeneam
1327 2047 1448 2120 Favo-

319 2180 394 2253 rini
417 2152 599 2267 statuam,
627 2178 772 2273 impetu
800 2179 912 2269 iacto,
937 2179 1130 2274 dejecisse,
1158 2186 1344 2276 tanquam
1373 2181 1449 2253 Ha-

320 2314 454 2388 driano
469 2312 689 2406 imperatori
710 2311 980 2385 infestissimii.
1005 2314 1147 2387 Auctor
1166 2321 1293 2388 autem
1313 2315 1448 2388 Corin-

320 2448 470 2521 thiacae
506 2445 604 2518 dixit
641 2467 718 2518 non
750 2446 851 2519 ultro
887 2446 1103 2520 Corinthios
1136 2453 1302 2521 statuam
1337 2471 1447 2522 suam

320 2581 515 2672 evertisse,
542 2578 608 2652 scd
636 2580 867 2674 quibusdam
894 2581 1117 2654 hominibus
1153 2582 1365 2673 obsecutos,
1401 2583 1447 2655 de

320 2715 574 2810 quibuscum
605 2712 703 2785 nihil
735 2713 891 2808 gravius
924 2714 1047 2788 dicere
1073 2716 1199 2808 vellet,
1225 2715 1265 2788 id
1297 2721 1447 2790 tautum

321 2848 431 2939 dixit,
461 2870 539 2921 non
569 2846 740 2946 decuisse
768 2846 823 2920 eis
856 2849 1014 2942 obsequi
1042 2848 1271 2940 Corinthios,
1306 2850 1447 2946 quippe

321 2984 387 3078 qui
409 3005 521 3078 prora
542 2986 579 3055 ct
612 2981 751 3075 puppis
789 2982 967 3056 Graeciae
1004 2985 1162 3056 essone.
1195 2984 1447 3058 Athenienses

321 3138 402 3190 esse
421 3114 596 3189 hominos
618 3113 702 3186 illos
720 3135 798 3186 una
824 3137 911 3187 cum
936 3115 1111 3210 Emperio
1136 3117 1282 3211 opinor.
1318 3116 1448 3190 Corin-

322 3251 490 3324 thiorum
532 3247 635 3322 enim
680 3247 875 3320 civitatem
913 3249 1040 3344 aptius
1073 3257 1130 3324 est
1168 3273 1255 3324 cum
1292 3251 1447 3324 civitate

321 3380 617 3455 Atheniensium
642 3381 803 3454 conferri
826 3404 941 3476 quam
970 3404 1057 3455 cum
1083 3383 1243 3479 singulis
1268 3385 1448 3479 privatis·

321 3538 395 3611 que
419 3514 579 3588 oratoris
599 3515 927 3588 obtrectatoribus.
952 3517 1170 3610 Marresius,
1188 3524 1231 3591 ut
1256 3519 1447 3593 Favorino

322 3650 531 3723 orationem
551 3647 798 3743 abjudicaret,
819 3651 1014 3724 contendit
1034 3651 1213 3724 Favorini
1226 3659 1350 3726 aetate
1370 3677 1447 3726 non

322 3784 362 3856 in
383 3783 608 3856 Corinthum
636 3782 803 3856 valuisse
824 3806 870 3856 ea
890 3786 1020 3874 verba,
1043 3807 1177 3861 verum
1197 3787 1236 3859 iu
1259 3788 1444 3878 Athenae,

322 3919 462 4013 quibus
493 3916 597 3989 omni
635 3916 746 3988 modo
776 3923 942 3990 v'eterem
971 3919 1195 4013 dignitatem
1223 3926 1259 3993 et
1286 3921 1446 4014 gloriam

359 4266 367 4299 ¹
388 4266 430 4321 Cf.
443 4263 526 4318 Orat.
540 4262 689 4332 Corinth„
702 4263 750 4321 27.

358 4356 370 4390 ²
388 4355 602 4424 Philostratus,
625 4354 656 4405 V.
672 4351 715 4420 S.,
731 4353 753 4422 I,
767 4365 833 4422 v111,
846 4353 882 4423 3,
899 4354 1026 4409 Cassius
1041 4356 1106 4424 Dio,
1123 4356 1219 4426 LXIX,
1237 4356 1263 4412 3.
1280 4357 1322 4412 Cf.
1344 4371 1448 4427 supra,

323 4445 603 4601 p·³i}hssosmtus’
626 4532 657 4584 V.
672 4529 716 4601 8.,
731 4531 754 4602 l,
769 4516 877 4602 vr11,3.

359 4621 370 4656 ⁴
390 4621 473 4678 Orat.
491 4619 641 4692 Corinth,
656 4619 751 4676 35-36.
