3648 5528
408 501 448 560 66
896 517 988 560 cnrnr
1009 517 1048 560 iv.

286 743 291 755 ,
409 649 508 722 Aelii
532 648 743 722 Tuberonis
768 649 911 743 (nescio
940 671 989 721 au
1019 647 1253 742 Academici)
1285 647 1331 720 de
1360 647 1530 742 judicum

408 782 547 857 ciliciis
565 783 785 877 nuperrime
803 782 959 876 legerat,
973 825 1018 834 -
1038 787 1077 855 et
1099 783 1260 856 cavebat
1278 803 1326 854 ne
1339 782 1531 877 praecipi—

408 920 507 989 taret
523 915 710 1011 judicium
729 921 767 988 et
785 921 924 992 temero
943 915 1172 989 senteutiam
1196 915 1344 1010 ederet,
1366 938 1455 990 nam
1478 917 1531 989 ita

408 1071 621 1125 sermonem
650 1049 817 1123 absolvit
850 1073 858 1122 :
894 1074 913 1120 «
947 1048 1021 1123 Sed
1059 1049 1106 1122 dc
1133 1049 1194 1121 his
1221 1050 1335 1123 rebus
1357 1050 1528 1144 posthac,

407 1208 495 1258 cum
510 1183 582 1257 erit
606 1183 741 1274 otium,
754 1182 878 1256 dicere
892 1183 985 1278 quid
1000 1183 1210 1256 sentiamus
1231 1183 1455 1256 conabimur
1467 1183 1490 1255 ¹.
1509 1208 1528 1256 a

407 1319 511 1406 Quae
529 1317 662 1413 judicii
683 1325 778 1404 ἐποχή
801 1338 890 1389 eum
908 1311 1050 1411 optime
1069 1317 1175 1391 decet
1193 1317 1273 1410 qui,
1296 1316 1528 1391 Carneadem

316 1535 323 1548 ,
406 1456 574 1542 secutus,
595 1473 728 1523 verum
749 1450 891 1545 percipi
906 1471 1016 1544 posse
1031 1451 1208 1544 negabat.

457 1585 528 1674 Qui
547 1590 676 1658 autem
698 1585 737 1656 iu
753 1606 931 1679 praesens
950 1605 1084 1657 verum
1100 1584 1251 1679 assequi
1273 1606 1382 1678 posse
1402 1607 1441 1658 se
1459 1586 1531 1658 de-

408 1721 626 1815 sperabant,
670 1718 789 1791 multo
835 1718 965 1791 minus
1001 1718 1117 1791 etiam
1154 1718 1371 1791 futurarum
1404 1741 1530 1792 rerum

410 1853 609 1926 scientiam
638 1852 861 1925 hominibus
889 1872 1107 1925 concessam
1136 1872 1218 1924 esse
1243 1851 1528 1927 existimabant.

409 1987 624 2059 Carneades
643 1986 683 2057 iu
702 1985 851 2079 primis,
873 1985 940 2080 qui
959 1984 1217 2080 Chrysippum
1238 1984 1390 2058 assidue
1405 1986 1533 2059 insec-

410 2124 514 2193 tatus
540 2123 609 2209 est,
639 2119 766 2192 nescio
798 2140 849 2191 an
881 2118 988 2191 nulla
1015 2118 1092 2190 alia
1118 2119 1164 2191 de
1192 2141 1232 2192 re
1269 2118 1533 2192 vehementius

410 2275 497 2327 eum
518 2252 839 2348 impugnaverit².
862 2251 1002 2325 Notum
1028 2257 1085 2325 est
1110 2274 1187 2347 quo
1210 2252 1416 2326 acerbitate
1441 2253 1535 2348 qui-

391 2389 557 2481 busque
592 2386 770 2459 ludibriis
800 2385 928 2458 varias
961 2385 1211 2458 divinationis
1244 2392 1344 2460 artes
1379 2385 1534 2459 fallaces

411 2542 493 2594 esse
511 2519 843 2610 demonstraverit,
867 2519 947 2593 sive
973 2519 1156 2614 prodigiis
1182 2520 1263 2592 sive
1289 2519 1533 2596 victimarum

412 2653 623 2732 visceribus
649 2653 729 2726 sive
755 2652 917 2726 oraculis
943 2653 1073 2725 lutura
1106 2653 1367 2747 praenuntiari
1399 2654 1535 2728 crede-

412 2790 572 2884 bantur3
608 2810 773 2882 namque
805 2787 888 2881 ejus
931 2792 1157 2881 argumenta
1187 2809 1211 2860 a
1244 2786 1420 2861 Cicerone
1449 2787 1534 2861 dili-

411 2927 543 3017 genter
556 2926 734 3016 congesta
752 2927 790 2994 et
811 2921 1015 2994 memoriae
1035 2921 1176 2994 tradita
1195 2926 1296 2993 sunt.
1315 2921 1398 2994 Non
1417 2922 1534 2996 aliam

412 3057 460 3129 ob
479 3077 634 3128 causam
658 3055 768 3128 oredo
787 3054 1020 3128 Favorinum
1040 3076 1191 3148 quoque
1207 3055 1392 3129 adversus
1413 3061 1534 3129 astro-

410 3190 515 3284 logos
541 3190 787 3280 declamasse,
812 3189 866 3261 ita
891 3195 1036 3262 utnon
1063 3189 1282 3283 sophistica,
1305 3190 1370 3262 sed
1390 3191 1534 3264 Acade-

411 3324 511 3396 mica
538 3323 716 3396 habenda
747 3323 797 3395 sit
822 3344 867 3395 ea
892 3317 1048 3395 oratio³.
1079 3321 1190 3413 Nam,
1226 3344 1312 3395 cum
1336 3344 1382 3396 ea
1408 3329 1534 3398 aetate

410 3456 509 3531 aliae
527 3456 778 3530 divinationis
799 3461 901 3529 artes
931 3456 1042 3529 tritae
1061 3455 1139 3550 iam
1165 3461 1202 3530 et
1220 3457 1410 3531 obsoletae
1430 3458 1534 3531 vide-

410 3595 555 3682 rentur,
578 3596 616 3664 et
634 3591 718 3686 ipsa
737 3590 890 3663 oracula
915 3590 1038 3664 deseri
1059 3595 1191 3684 coepta
1217 3589 1380 3682 essent⁸,
1403 3601 1533 3665 eorum

446 3937 454 3970 ¹
476 3935 601 4006 Gellius,
614 3935 650 3990 N.
664 3936 711 4004 A,
725 3937 799 4004 XIV,
815 3947 849 4004 11,
862 3934 906 3990 20.

446 4024 457 4058 ²
475 4024 593 4094 Cicera,
608 4025 651 4079 De
664 4024 769 4095 divin,
781 4026 803 4095 I,
819 4023 853 4094 7;
869 4024 891 4094 1,
906 4024 951 4078 12.

446 4113 456 4146 ³
476 4113 532 4168 Hic
547 4114 647 4170 obiter
663 4114 894 4170 memorandum
910 4116 960 4168 est
981 4114 1049 4168 Sex.
1068 4113 1264 4183 Empirioum,
1282 4113 1364 4168 haud
1380 4114 1423 4168 ita
1439 4115 1533 4169 multo

409 4209 495 4275 post,
517 4219 588 4261 cum
611 4197 686 4275 πρὸς
707 4193 929 4271 μαθηματικούς
954 4202 1097 4258 undecim
1122 4202 1216 4258 libros
1242 4203 1407 4274 scriberet,
1438 4208 1535 4259 astro·

409 4294 496 4362 logos
511 4309 571 4348 nou
585 4292 845 4362 praetermisisse.

444 4381 455 4416 ⁴
470 4383 636 4452 luvenaliS,
650 4381 726 4448 Sat,
741 4381 870 4451 v1,555;
887 4383 924 4436 ol.
937 4382 1026 4451 Plut,
1043 4382 1086 4436 De
1101 4381 1219 4451 defectu
1229 4381 1430 4436 oraculorum.
1446 4382 1487 4437 Cf.
1500 4381 1533 4438 G.

409 4473 536 4542 Martha,
552 4473 602 4525 Les
620 4470 789 4526 Moraliateo
800 4487 866 4524 sous
878 4470 1023 4541 l’Empire
1046 4470 1188 4538 Romaiu,
1199 4486 1229 4540 p.
1243 4469 1296 4525 315
1309 4483 1378 4541 sqq.
1389 4488 1397 4540 ;
1409 4471 1533 4542 Greard,

409 4563 450 4614 De
464 4562 493 4615 ln
507 4561 622 4615 Morale
638 4561 673 4614 de
689 4561 866 4630 Plotarque,
879 4577 908 4629 p.
925 4561 988 4630 252,
1000 4561 1069 4616 adn.
1080 4560 1107 4615 l.
1122 4561 1164 4616 cf.
1179 4561 1384 4631 etiamsupra,
1398 4575 1428 4629 p.
1439 4559 1474 4614 55
1485 4575 1532 4631 sq.
