3676 5528
687 568 723 609 nn
745 559 882 609 ruvonmo
903 527 1046 609 sorursrn'.
1318 609 1320 614 ,
1393 546 1428 606 31

306 705 390 772 orta
408 703 517 782 esset,
532 697 631 770 nihil
641 696 798 791 gravius
817 718 953 792 passus
971 696 1044 769 est¹
1068 718 1102 768 ».
1120 695 1337 782 Quinetiam
1352 694 1432 787 ipse

308 833 521 906 Favorinus
553 832 696 905 crimen
730 836 768 905 et
799 831 897 903 iram
930 831 1046 903 simul
1073 830 1310 902 memorabat
1332 833 1433 901 —et

308 967 492 1042 illudebat
510 966 688 1061 quidem3
711 1007 757 1018 -
777 964 969 1038 nonenim
988 965 1026 1036 id
1046 969 1196 1037 tantum
1213 963 1252 1035 in
1268 962 1434 1036 suavita

308 1101 448 1173 mirum
486 1121 568 1174 esse
600 1099 820 1188 dictitabat,
861 1099 981 1191 quod,
1019 1120 1106 1170 cum
1144 1098 1275 1170 Gallus
1318 1101 1430 1187 esset,

310 1233 449 1306 Graece
486 1233 721 1326 loqueretur,
762 1232 827 1304 sed
866 1232 981 1304 etiam
1020 1232 1121 1326 quod
1160 1235 1198 1303 et
1236 1231 1434 1303 eunuchus

310 1366 486 1439 adulterii
508 1387 593 1438 reus
613 1365 736 1438 iactus
758 1370 857 1438 esset
878 1370 916 1438 et
935 1366 984 1437 ab
1000 1364 1225 1458 imperatore
1244 1365 1435 1450 alienatus

311 1499 442 1572 salvus
462 1497 679 1572 evasisset2⁰
699 1499 805 1586 Quod
825 1498 968 1571 crimen
988 1520 1065 1570 non
1080 1499 1205 1571 hercle
1225 1497 1279 1570 ita
1298 1496 1436 1568 irrisis-

312 1639 380 1723 set,
404 1633 435 1705 si
457 1655 590 1706 verum
611 1633 727 1706 luisse
747 1633 1020 1706 confiteretur:
1051 1655 1128 1704 non
1156 1632 1267 1705 aliter
1297 1631 1436 1703 Corin-

311 1767 461 1840 thiacae
476 1772 608 1840 auctor
626 1767 884 1868 innocentiam
899 1788 1049 1839 morum
1068 1766 1260 1860 protessus
1279 1763 1370 1838 est³.

361 1901 476 1973 Aliud
508 1917 658 1995 quoque
696 1900 885 1973 Favorino
919 1923 1005 1974 cum
1038 1900 1103 1972 illo
1135 1922 1335 1973 commune
1363 1904 1433 1972 est.

313 2034 485 2129 Namque
505 2035 718 2108 Favorinus
739 2035 832 2110 adeo
854 2056 931 2108 non
947 2040 1141 2128 permotus
1161 2039 1217 2107 est
1242 2034 1298 2106 ira
1318 2034 1438 2116 Athe-

313 2169 505 2242 niensium
532 2175 576 2242 ut
601 2169 720 2243 facete
746 2170 862 2243 etiam
892 2169 1073 2242 nuntium
1105 2191 1259 2267 eversae
1290 2173 1438 2241 statuae

313 2304 512 2398 acciperet.
534 2330 549 2374 1
573 2304 686 2394 Bene,
705 2304 841 2398 inquit,
864 2326 952 2377 cum
979 2303 1131 2377 Socrate
1145 2325 1295 2398 quoque
1311 2309 1438 2376 actum

315 2442 424 2528 esset,
449 2437 480 2510 si
503 2460 622 2511 aenea
653 2443 781 2511 statua
808 2437 934 2532 potius
958 2437 1131 2530 privatus
1153 2438 1203 2511 ab
1223 2437 1440 2510 Athenien-

317 2572 422 2645 sibus
449 2571 583 2645 luisset
601 2595 718 2666 quam
737 2572 867 2644 bibere
886 2571 1049 2644 cicutam
1074 2573 1260 2645 coactusl.
1286 2597 1304 2642 1
1333 2570 1440 2657 Quod

317 2727 393 2777 non
408 2705 520 2778 faceti
541 2710 691 2778 tantum
711 2704 891 2796 hominis,
915 2706 981 2777 sed
1000 2706 1115 2778 etiam
1131 2705 1346 2800 philosophi
1367 2710 1437 2777 est.

318 2840 446 2934 Neque
468 2832 557 2913 vero
579 2840 697 2912 multo
717 2841 839 2933 magis
859 2840 1081 2934 indignatus
1099 2846 1156 2913 est
1178 2839 1441 2913 Corinthiacae

319 2979 463 3064 auctor,
493 2974 557 3046 sed
586 2974 727 3067 etipse
758 2996 834 3046 non
862 2974 943 3046 sine
969 2974 1134 3046 ludibrio
1159 2973 1440 3046 Corinthiorum

320 3107 590 3180 contumeliam
618 3107 802 3202 despexit.
826 3107 1042 3195 Quinetiam
1063 3108 1223 3181 eandem
1250 3107 1442 3200 utrimque

322 3242 549 3314 sententiam
575 3242 827 3336 deprehendo,
856 3242 933 3314 illic
951 3242 1105 3316 brevius
1125 3263 1357 3336 expressam,
1380 3241 1443 3315 hic

321 3375 471 3469 longius
503 3374 711 3467 diductam,
741 3375 840 3447 nihil
864 3376 1045 3449 momenti
1074 3377 1214 3448 hahere
1242 3375 1444 3469 opprobria

322 3530 419 3602 quae
448 3531 562 3582 sensu
585 3514 776 3583 carentem
805 3514 984 3600 statuam,
1007 3532 1083 3582 non
1104 3509 1297 3582 hominem
1318 3509 1443 3603 ipsum

323 3641 529 3715 alliciant⁵.
556 3643 662 3730 Quod
689 3644 855 3738 prolecto
886 3666 962 3716 non
991 3643 1131 3716 mirum
1161 3648 1230 3732 est,
1257 3643 1445 3736 siquidem

323 3797 423 3848 unus
444 3776 601 3850 elidem
616 3776 677 3849 vir
689 3777 981 3851 Atheniensium
1001 3783 1038 3850 et
1058 3777 1339 3850 Corinthiorum
1359 3799 1447 3850 con-

363 4069 369 4102 ¹
389 4070 603 4141 Philostratus,
624 4069 653 4124 V.
670 4070 713 4140 S„
729 4073 751 4142 l,
764 4084 830 4142 vm,
844 4071 874 4126 l.

360 4159 371 4194 ²
390 4159 445 4229 ld.,
464 4159 534 4216 ibid.
551 4161 597 4215 cl.
613 4175 717 4232 supra,
728 4176 759 4230 p.
774 4159 799 4231 7,
812 4162 881 4217 adn.
894 4161 920 4232 5,
934 4161 960 4233 6,
974 4162 1004 4216 9.

361 4247 371 4281 ³
391 4247 474 4304 Orat,
491 4249 638 4320 Corinth,
652 4251 700 4308 34.

362 4337 372 4370 ⁴
390 4339 604 4410 Philostratus,
628 4340 657 4395 V.
674 4339 716 4411 S,
732 4343 754 4411 l,
767 4354 835 4412 vm,
850 4341 880 4398 3.

362 4426 372 4460 ⁵
391 4427 437 4482 of.
454 4428 614 4499 Philostr,
628 4429 700 4484 ibid.
715 4434 746 4485 et
765 4429 849 4484 Orat.
867 4429 1015 4501 Corinth,
1031 4430 1066 4485 37
1087 4447 1174 4502 sqq,
1188 4431 1372 4500 praesertim
1392 4431 1447 4486 45:

326 4505 439 4583 πτίσσε,
456 4503 563 4585 πτίσσ’,
581 4511 647 4588 ἔφη,
668 4512 717 4570 τὸν
743 4502 932 4590 Ἀναξάρχου
956 4510 1083 4570 θύλακον
1107 4525 1114 4539 ·
1138 4504 1324 4592 Ἀνάξαρχον
1342 4506 1399 4592 γὰρ
1417 4507 1449 4570 οὗ

326 4593 468 4670 πτίσσεις.
490 4607 535 4662 Cf.
550 4609 639 4676 Diog.
653 4609 703 4679 L.,
717 4610 764 4679 Ill,
777 4607 825 4662 59.
