3648 5528
383 533 424 592 68
873 553 964 595 orror
986 552 1025 594 ιν.

382 704 485 772 men,
517 682 549 754 si
579 681 673 776 quid
700 682 891 776 agendum
919 689 1014 774 erat,
1044 704 1119 756 non
1144 685 1435 778 perseverabant
1460 685 1499 757 in

381 817 449 890 illa
465 816 599 911 judicii
627 824 735 904 ἐποχῇ,
764 817 843 908 sed,
864 823 1065 912 postquam
1085 818 1125 889 in
1141 823 1499 912 utramquepartem

379 951 685 1045 disputaverant,
717 950 971 1023 hortabantur
1006 951 1210 1044 discipulos
1242 955 1286 1024 nt
1320 951 1501 1045 eligerent

379 1084 482 1180 quod
494 1084 567 1157 sibi
583 1084 645 1157 vel
663 1090 788 1170 εὔλογον
807 1084 1029 1178 (Arcesilas)
1049 1084 1240 1157 ν61πιθαν1ν
1257 1085 1498 1179 (Carneades)

378 1239 461 1292 esse
481 1218 708 1292 videretnr¹.
732 1218 789 1291 lta
807 1223 935 1290 autem
955 1218 1146 1291 censuisse
1165 1217 1396 1292 Favorinum
1408 1241 1499 1313 quo

378 1375 453 1448 quc
488 1353 595 1425 testis
620 1357 679 1425 est
703 1352 942 1442 Plutarchus,
981 1352 1061 1445 qui,
1107 1352 1342 1425 Academicis
1374 1352 1499 1426 verbis

380 1509 489 1578 usus,
512 1486 615 1558 haud
636 1485 790 1580 quidem
819 1490 927 1557 extra
944 1485 1084 1579 jocum,
1115 1487 1289 1558 hortatus
1321 1492 1380 1559 est
1411 1508 1497 1560 eum

377 1627 434 1712 ut,
456 1619 619 1694 diversis
638 1619 883 1713 opinionibus
902 1619 948 1691 de
968 1618 1153 1713 principio
1174 1619 1324 1713 trigoris
1346 1621 1445 1693 inter
1459 1643 1498 1694 se

376 1755 620 1851 comparatis,
652 1753 846 1826 cohiberet
866 1752 1066 1847 judicium,
1095 1753 1169 1826 nisi
1198 1753 1293 1826 forte
1316 1754 1497 1828 alterutra

376 1889 645 1984 probabilitate
666 1888 759 1959 satis
785 1883 1018 1960 excelleret².
1047 1886 1282 1981 Quapropter
1307 1910 1331 1960 a
1357 1888 1496 1962 Galeno

377 2021 656 2097 inconstantiae
683 2020 880 2093 incusatus
910 2026 969 2094 est
990 2019 1215 2111 Favorinus
1244 2022 1345 2116 quod
1371 2043 1496 2095 secum

376 2158 457 2252 ipse
482 2161 671 2252 pugnaret
693 2178 700 2226 :
725 2155 944 2227 «laudasse
972 2154 1074 2226 enim
1099 2154 1345 2228 Academicos
1373 2183 1497 2242 συναμ-

376 2301 516 2381 ρεύσντας
549 2299 601 2373 μὲν
635 2297 767 2375 ἑκατέρῳ
798 2297 855 2356 τῶν
889 2290 1095 2370 ἀντικειμένων
1119 2289 1265 2370 ἀλλήλοις
1290 2293 1402 2375 λὲγων,
1432 2297 1497 2357 ἑπι-

374 2426 538 2504 τρέπαντας
558 2421 588 2480 δὲ
608 2429 671 2492 ταῖς
688 2421 832 2496 μαθήσαις
846 2420 991 2499 αἱρεῖσθαι
1004 2418 1073 2491 τοὺς
1089 2415 1305 2500 ἀληθεστέρους
1330 2414 1355 2484 ³.
1377 2440 1397 2486 ))
1413 2414 1496 2488 Non

374 2557 518 2641 autem,
540 2555 584 2622 ut
610 2549 758 2643 opinor,
780 2548 903 2643 magis
923 2569 1046 2638 veras
1069 2549 1134 2621 sed
1153 2549 1275 2643 magis
1293 2550 1374 2622 veri
1394 2549 1497 2621 simi-

374 2687 442 2768 les,
464 2686 527 2758 vel
543 2683 671 2778 potius
693 2682 967 2778 probabiliores
990 2682 1156 2755 rationes
1182 2683 1394 2777 sequendas
1415 2704 1496 2757 esse

374 2819 554 2892 censebat
563 2812 587 2888 ⁴.
613 2815 735 2902 Quam
763 2815 982 2909 opinionem
1007 2815 1208 2911 praecipue
1230 2817 1271 2888 in
1294 2816 1403 2890 libris
1418 2819 1495 2904 Περὶ

373 2970 428 3036 τῆς
443 2951 671 3034 Ἀκαδημαϊκῆς
691 2956 847 3028 διαθέσεως
859 2959 872 3000 ⁵
886 2955 924 3021 et
935 2951 1020 3036 Πρὸς
1036 2947 1240 3033 Ἐπίκτητσν6
1254 2951 1492 3024 defendebat.

374 3085 549 3158 Ceterum
577 3083 644 3155 vix
674 3082 785 3155 credo
812 3104 899 3155 eum
925 3084 1019 3157 adeo
1038 3084 1160 3157 levem
1184 3084 1302 3158 fuisse
1326 3084 1495 3178 adeoque

408 3416 416 3450 ¹
438 3415 554 3484 Cicero,
572 3413 677 3482 dead,
694 3411 791 3482 11,60.

408 3503 418 3536 ²
437 3504 629 3571 Plutarchus
644 3503 687 3555 De
698 3518 744 3570 pr.
761 3501 813 3570 fr„
828 3502 938 3568 Xlllll;
960 3501 998 3555 cl.
1015 3515 1118 3569 supra,
1139 3516 1168 3569 p.
1191 3501 1235 3556 59.
1255 3502 1296 3556 Cl.
1317 3502 1432 3573 Galen,
1451 3504 1493 3557 De

371 3594 431 3661 opt.
444 3591 550 3661 doctr„
562 3603 572 3643 1
585 3607 591 3659 ;
606 3590 669 3659 1,41
685 3591 718 3644 Κ.
737 3606 743 3643 :
770 3581 871 3660 εἴρηκε
885 3581 1004 3639 πιθανὶν
1021 3583 1115 3658 ἑαυτῷ
1129 3581 1276 3659 φαίνεσθαι
1280 3625 1345 3644 .....
1361 3599 1393 3648 et
1404 3595 1492 3664 plut„

371 3679 487 3744 Quaest.
499 3679 684 3748 Cooo.‚Vlll,
700 3692 730 3748 x,
749 3678 775 3748 2,
791 3678 805 3731 l
822 3694 828 3732 :
853 3671 894 3747 τῷ
913 3666 1066 3749 περιπάτῳ
1081 3671 1163 3745 νέμει
1179 3670 1347 3750 trepidaret
1372 3673 1492 3732 πιθανοῦ

368 3777 523 3854 πλείστην.

403 3875 415 3909 ³
433 3876 577 3946 Galenus
591 3874 634 3930 De
648 3878 706 3945 opt.
725 3875 875 3943 doetr.,1;
894 3874 916 3943 l,
932 3875 964 3928 41
982 3875 1016 3930 K.
1033 3876 1076 3930 Cl.
1100 3876 1231 3945 Epicteti
1249 3876 1491 3950 Dissertationm

368 3967 404 4036 11,
418 3964 538 4036 autb.

370 4087 373 4094 ,
403 4053 413 4086 ⁴
433 4054 475 4109 Cf.
491 4055 596 4123 zellen,
614 4053 668 4108 Pb.
686 4053 715 4107 d.
730 4051 796 4122 ca,
810 4050 879 4123 1113,
894 4065 927 4122 ιι,
941 4068 971 4122 p.
984 4052 1029 4109 68.

402 4143 413 4177 ⁵
432 4143 575 4212 Galenus,
590 4143 633 4195 De
647 4146 705 4213 opt.
725 4141 907 4212 doctr.,1;l,
923 4143 955 4196 ld
974 4143 1007 4198 K.
1027 4144 1338 4200 Animadvertendum
1360 4152 1410 4202 est
1426 4149 1493 4203 Plu-

366 4234 473 4287 tarcho
484 4233 543 4286 hoc
556 4246 635 4299 opus
650 4232 748 4287 fuisse
763 4231 950 4302 dedicatum,
968 4233 1229 4302 quemadmodum
1245 4236 1393 4291 Favorino
1408 4237 1492 4292 dedi·

366 4323 455 4373 catus
472 4319 572 4374 fuerat
590 4318 712 4374 libellus
729 4320 780 4375 ille
800 4318 844 4374 De
860 4319 1014 4391 principio
1028 4320 1155 4392 sriports
1172 4324 1211 4378 de
1230 4338 1291 4393 quo
1309 4325 1491 4384 Plutarchus

364 4420 435 4461 eum
448 4408 628 4462 hortabatur
648 4412 682 4461 ut
704 4409 889 4464 Academico
905 4425 990 4465 more
1010 4411 1039 4465 in
1063 4416 1365 4482 utramquepartem
1387 4415 1492 4485 dispu-

365 4499 453 4551 taret.

400 4583 411 4615 ⁶
430 4585 573 4654 Galenus,
590 4585 661 4643 ibid.
