<?xml version="1.0" encoding="UTF-8"?>
<!DOCTYPE html PUBLIC "-//W3C//DTD XHTML 1.0 Transitional//EN"
    "http://www.w3.org/TR/xhtml1/DTD/xhtml1-transitional.dtd">
<html xmlns="http://www.w3.org/1999/xhtml" xml:lang="en" lang="en">
 <head>
  <title>
</title>
<meta http-equiv="Content-Type" content="text/html;charset=utf-8" />
  <meta name='ocr-system' content='tesseract 3.04.00' />
  <meta name='ocr-capabilities' content='ocr_page ocr_carea ocr_par ocr_line ocrx_word'/>
</head>
<body>
  <div class='ocr_page' id='page_1' title='image "./defavoriniarela00colagoog_0095.png"; bbox 0 0 3648 5528; ppageno 0'>
   <div class='ocr_carea' id='block_1_1' title="bbox 391 567 1027 627">
    <p class='ocr_par' dir='ltr' id='par_1_1' title="bbox 391 567 1027 627">
     <span class='ocr_line' id='line_1_1' title="bbox 391 567 1027 627; baseline 0.002 -2"><span class='ocrx_word' id='word_1_1' title='bbox 391 567 430 627; x_wconf 83' lang='lat'><strong>70</strong></span> <span class='ocrx_word' id='word_1_2' title='bbox 876 581 966 626; x_wconf 74' lang='lat' dir='ltr'><strong>cunr</strong></span> <span class='ocrx_word' id='word_1_3' title='bbox 986 581 1027 626; x_wconf 80' lang='lat' dir='ltr'><strong>rr.</strong></span> 
     </span>
    </p>
   </div>
   <div class='ocr_carea' id='block_1_2' title="bbox 388 713 1515 2681">
    <p class='ocr_par' dir='ltr' id='par_1_2' title="bbox 388 713 1514 1991">
     <span class='ocr_line' id='line_1_2' title="bbox 390 713 1514 808; baseline 0.002 -22"><span class='ocrx_word' id='word_1_4' title='bbox 390 713 601 788; x_wconf 85' lang='lat' dir='ltr'><strong>videretur¹</strong></span> <span class='ocrx_word' id='word_1_5' title='bbox 621 737 655 786; x_wconf 75' lang='lat' dir='ltr'><strong>a.</strong></span> <span class='ocrx_word' id='word_1_6' title='bbox 679 716 730 787; x_wconf 93' lang='lat' dir='ltr'><strong>At</strong></span> <span class='ocrx_word' id='word_1_7' title='bbox 748 713 840 808; x_wconf 92' lang='lat' dir='ltr'><strong>quid</strong></span> <span class='ocrx_word' id='word_1_8' title='bbox 861 713 934 786; x_wconf 92' lang='lat' dir='ltr'><strong>sibi</strong></span> <span class='ocrx_word' id='word_1_9' title='bbox 950 713 1034 786; x_wconf 89' lang='lat' dir='ltr'><strong>vult</strong></span> <span class='ocrx_word' id='word_1_10' title='bbox 1052 713 1126 786; x_wconf 91' lang='lat' dir='ltr'><strong>ista</strong></span> <span class='ocrx_word' id='word_1_11' title='bbox 1148 713 1351 787; x_wconf 90' lang='lat' dir='ltr'><strong>verborum</strong></span> <span class='ocrx_word' id='word_1_12' title='bbox 1367 718 1514 788; x_wconf 90' lang='lat' dir='ltr'><strong>contro-</strong></span> 
     </span>
     <span class='ocr_line' id='line_1_3' title="bbox 389 846 1513 943; baseline 0.004 -25"><span class='ocrx_word' id='word_1_13' title='bbox 389 847 541 921; x_wconf 70' lang='lat' dir='ltr'><strong>versia?</strong></span> <span class='ocrx_word' id='word_1_14' title='bbox 560 846 676 934; x_wconf 80' lang='lat' dir='ltr'><strong>Quasi</strong></span> <span class='ocrx_word' id='word_1_15' title='bbox 696 869 786 921; x_wconf 89' lang='lat' dir='ltr'><strong>vero</strong></span> <span class='ocrx_word' id='word_1_16' title='bbox 806 847 880 942; x_wconf 92' lang='lat' dir='ltr'><strong>ipsi</strong></span> <span class='ocrx_word' id='word_1_17' title='bbox 905 846 1123 921; x_wconf 78' lang='lat' dir='ltr'><strong>Academici</strong></span> <span class='ocrx_word' id='word_1_18' title='bbox 1144 847 1240 920; x_wconf 94' lang='lat' dir='ltr'><strong>illud</strong></span> <span class='ocrx_word' id='word_1_19' title='bbox 1267 847 1422 943; x_wconf 91' lang='lat' dir='ltr'><strong>quidem</strong></span> <span class='ocrx_word' id='word_1_20' title='bbox 1450 849 1513 922; x_wconf 94' lang='lat' dir='ltr'><strong>de-</strong></span> 
     </span>
     <span class='ocr_line' id='line_1_4' title="bbox 390 979 1513 1076; baseline -0.001 -22"><span class='ocrx_word' id='word_1_21' title='bbox 390 979 610 1054; x_wconf 77' lang='lat' dir='ltr'>cernerent!</span> <span class='ocrx_word' id='word_1_22' title='bbox 633 979 730 1053; x_wconf 90' lang='lat' dir='ltr'><strong>Nam</strong></span> <span class='ocrx_word' id='word_1_23' title='bbox 749 979 916 1075; x_wconf 92' lang='lat' dir='ltr'><strong>primum</strong></span> <span class='ocrx_word' id='word_1_24' title='bbox 937 979 1125 1054; x_wconf 77' lang='lat' dir='ltr'><strong>Arcesilas</strong></span> <span class='ocrx_word' id='word_1_25' title='bbox 1144 981 1216 1054; x_wconf 93' lang='lat' dir='ltr'><strong>hoc</strong></span> <span class='ocrx_word' id='word_1_26' title='bbox 1242 1002 1391 1075; x_wconf 87' lang='lat' dir='ltr'><strong>quoquc</strong></span> <span class='ocrx_word' id='word_1_27' title='bbox 1411 981 1513 1076; x_wconf 91' lang='lat' dir='ltr'><strong>quod</strong></span> 
     </span>
     <span class='ocr_line' id='line_1_5' title="bbox 389 1113 1510 1209; baseline 0 -23"><span class='ocrx_word' id='word_1_28' title='bbox 389 1113 488 1186; x_wconf 91' lang='lat' dir='ltr'><strong>nihil</strong></span> <span class='ocrx_word' id='word_1_29' title='bbox 517 1119 618 1188; x_wconf 89' lang='lat' dir='ltr'><strong>certo</strong></span> <span class='ocrx_word' id='word_1_30' title='bbox 646 1113 733 1188; x_wconf 90' lang='lat' dir='ltr'><strong>sciri</strong></span> <span class='ocrx_word' id='word_1_31' title='bbox 761 1118 885 1208; x_wconf 89' lang='lat' dir='ltr'><strong>potest</strong></span> <span class='ocrx_word' id='word_1_32' title='bbox 914 1119 1015 1186; x_wconf 89' lang='lat' dir='ltr'><strong>certo</strong></span> <span class='ocrx_word' id='word_1_33' title='bbox 1044 1113 1131 1186; x_wconf 88' lang='lat' dir='ltr'><strong>sciri</strong></span> <span class='ocrx_word' id='word_1_34' title='bbox 1158 1136 1268 1209; x_wconf 88' lang='lat' dir='ltr'><strong>posse</strong></span> <span class='ocrx_word' id='word_1_35' title='bbox 1301 1114 1510 1208; x_wconf 75' lang='lat' dir='ltr'><strong>negahot23</strong></span> 
     </span>
     <span class='ocr_line' id='line_1_6' title="bbox 388 1246 1514 1342; baseline -0.001 -22"><span class='ocrx_word' id='word_1_36' title='bbox 388 1269 512 1342; x_wconf 91' lang='lat' dir='ltr'><strong>neque</strong></span> <span class='ocrx_word' id='word_1_37' title='bbox 532 1269 621 1322; x_wconf 91' lang='lat' dir='ltr'><strong>vero</strong></span> <span class='ocrx_word' id='word_1_38' title='bbox 640 1248 751 1342; x_wconf 85' lang='lat' dir='ltr'><strong>longe</strong></span> <span class='ocrx_word' id='word_1_39' title='bbox 765 1246 851 1320; x_wconf 87' lang='lat' dir='ltr'><strong>aliis</strong></span> <span class='ocrx_word' id='word_1_40' title='bbox 865 1248 993 1320; x_wconf 89' lang='lat' dir='ltr'><strong>verbis</strong></span> <span class='ocrx_word' id='word_1_41' title='bbox 1008 1247 1221 1322; x_wconf 84' lang='lat' dir='ltr'><strong>Carneades</strong></span> <span class='ocrx_word' id='word_1_42' title='bbox 1240 1248 1340 1320; x_wconf 90' lang='lat' dir='ltr'><strong>idem</strong></span> <span class='ocrx_word' id='word_1_43' title='bbox 1360 1253 1514 1321; x_wconf 91' lang='lat' dir='ltr'><strong>conten-</strong></span> 
     </span>
     <span class='ocr_line' id='line_1_7' title="bbox 389 1379 1513 1477; baseline -0.001 -22"><span class='ocrx_word' id='word_1_44' title='bbox 389 1381 537 1455; x_wconf 84' lang='lat' dir='ltr'><strong>debat³.</strong></span> <span class='ocrx_word' id='word_1_45' title='bbox 560 1381 636 1456; x_wconf 87' lang='lat' dir='ltr'><strong>Nec</strong></span> <span class='ocrx_word' id='word_1_46' title='bbox 652 1381 779 1454; x_wconf 90' lang='lat' dir='ltr'><strong>minus</strong></span> <span class='ocrx_word' id='word_1_47' title='bbox 800 1387 909 1455; x_wconf 88' lang='lat' dir='ltr'><strong>caute</strong></span> <span class='ocrx_word' id='word_1_48' title='bbox 925 1382 1139 1455; x_wconf 83' lang='lat' dir='ltr'><strong>Favorinus</strong></span> <span class='ocrx_word' id='word_1_49' title='bbox 1159 1382 1238 1477; x_wconf 93' lang='lat' dir='ltr'><strong>ipse</strong></span> <span class='ocrx_word' id='word_1_50' title='bbox 1253 1383 1293 1454; x_wconf 93' lang='lat' dir='ltr'><strong>in</strong></span> <span class='ocrx_word' id='word_1_51' title='bbox 1308 1379 1513 1455; x_wconf 78' lang='lat' dir='ltr'><strong>Alcibiade</strong></span> 
     </span>
     <span class='ocr_line' id='line_1_8' title="bbox 388 1514 1512 1602; baseline 0 -13"><span class='ocrx_word' id='word_1_52' title='bbox 388 1514 487 1589; x_wconf 77' lang='lat' dir='ltr'><strong>dixit</strong></span> <span class='ocrx_word' id='word_1_53' title='bbox 504 1523 623 1582; x_wconf 70' lang='grc' dir='ltr'>πιθανὸν</span> <span class='ocrx_word' id='word_1_54' title='bbox 640 1525 734 1602; x_wconf 82' lang='grc' dir='ltr'>ἑαυτῷ</span> <span class='ocrx_word' id='word_1_55' title='bbox 754 1523 902 1602; x_wconf 76' lang='grc' dir='ltr'>φαίνεσθαι</span> <span class='ocrx_word' id='word_1_56' title='bbox 924 1522 1014 1600; x_wconf 80' lang='grc' dir='ltr'>μηδὲν</span> <span class='ocrx_word' id='word_1_57' title='bbox 1030 1515 1106 1584; x_wconf 81' lang='grc' dir='ltr'>εἶναι</span> <span class='ocrx_word' id='word_1_58' title='bbox 1125 1521 1314 1600; x_wconf 73' lang='grc' dir='ltr'>καταληπτόν</span> <span class='ocrx_word' id='word_1_59' title='bbox 1325 1519 1349 1582; x_wconf 73' lang='lat'><strong>⁴.</strong></span> <span class='ocrx_word' id='word_1_60' title='bbox 1363 1515 1512 1588; x_wconf 73' lang='lat' dir='ltr'><strong>Vanam</strong></span> 
     </span>
     <span class='ocr_line' id='line_1_9' title="bbox 389 1648 1513 1745; baseline 0.001 -23"><span class='ocrx_word' id='word_1_61' title='bbox 389 1649 506 1744; x_wconf 80' lang='lat' dir='ltr'><strong>igitur</strong></span> <span class='ocrx_word' id='word_1_62' title='bbox 534 1652 584 1722; x_wconf 90' lang='lat' dir='ltr'><strong>et.</strong></span> <span class='ocrx_word' id='word_1_63' title='bbox 599 1648 753 1721; x_wconf 91' lang='lat' dir='ltr'><strong>inanem</strong></span> <span class='ocrx_word' id='word_1_64' title='bbox 778 1648 1024 1721; x_wconf 77' lang='lat' dir='ltr'><strong>insumebant</strong></span> <span class='ocrx_word' id='word_1_65' title='bbox 1049 1669 1202 1743; x_wconf 87' lang='lat' dir='ltr'><strong>operam</strong></span> <span class='ocrx_word' id='word_1_66' title='bbox 1235 1649 1440 1745; x_wconf 88' lang='lat' dir='ltr'><strong>Pyrrhouii</strong></span> <span class='ocrx_word' id='word_1_67' title='bbox 1465 1670 1513 1723; x_wconf 92' lang='lat' dir='ltr'><strong>ne</strong></span> 
     </span>
     <span class='ocr_line' id='line_1_10' title="bbox 388 1782 1513 1880; baseline -0.001 -23"><span class='ocrx_word' id='word_1_68' title='bbox 388 1783 481 1880; x_wconf 91' lang='lat' dir='ltr'><strong>quid</strong></span> <span class='ocrx_word' id='word_1_69' title='bbox 509 1803 710 1856; x_wconf 90' lang='lat' dir='ltr'><strong>commune</strong></span> <span class='ocrx_word' id='word_1_70' title='bbox 738 1782 810 1873; x_wconf 82' lang='lat' dir='ltr'><strong>sibi</strong></span> <span class='ocrx_word' id='word_1_71' title='bbox 838 1805 884 1856; x_wconf 92' lang='lat' dir='ltr'><strong>ea</strong></span> <span class='ocrx_word' id='word_1_72' title='bbox 907 1783 953 1855; x_wconf 93' lang='lat' dir='ltr'><strong>de</strong></span> <span class='ocrx_word' id='word_1_73' title='bbox 981 1805 1021 1857; x_wconf 93' lang='lat' dir='ltr'><strong>re</strong></span> <span class='ocrx_word' id='word_1_74' title='bbox 1053 1805 1141 1856; x_wconf 86' lang='lat' dir='ltr'><strong>cum</strong></span> <span class='ocrx_word' id='word_1_75' title='bbox 1165 1783 1404 1857; x_wconf 86' lang='lat' dir='ltr'><strong>Academicis</strong></span> <span class='ocrx_word' id='word_1_76' title='bbox 1432 1805 1513 1858; x_wconf 93' lang='lat' dir='ltr'><strong>esse</strong></span> 
     </span>
     <span class='ocr_line' id='line_1_11' title="bbox 388 1917 594 1991; baseline -0.019 0"><span class='ocrx_word' id='word_1_77' title='bbox 388 1917 594 1991; x_wconf 89' lang='lat' dir='ltr'><strong>videretur.</strong></span> 
     </span>
    </p>

    <p class='ocr_par' dir='ltr' id='par_1_3' title="bbox 389 2031 1515 2681">
     <span class='ocr_line' id='line_1_12' title="bbox 438 2031 1512 2146; baseline 0 -21"><span class='ocrx_word' id='word_1_78' title='bbox 438 2037 655 2125; x_wconf 84' lang='lat' dir='ltr'><strong>Academici</strong></span> <span class='ocrx_word' id='word_1_79' title='bbox 676 2054 808 2124; x_wconf 89' lang='lat' dir='ltr'><strong>contra</strong></span> <span class='ocrx_word' id='word_1_80' title='bbox 837 2051 956 2124; x_wconf 91' lang='lat' dir='ltr'><strong>multo</strong></span> <span class='ocrx_word' id='word_1_81' title='bbox 981 2031 1110 2124; x_wconf 88' lang='lat' dir='ltr'><strong>verius</strong></span> <span class='ocrx_word' id='word_1_82' title='bbox 1133 2051 1320 2124; x_wconf 82' lang='lat' dir='ltr'><strong>dixissent</strong></span> <span class='ocrx_word' id='word_1_83' title='bbox 1340 2051 1512 2146; x_wconf 84' lang='lat' dir='ltr'><strong>Pyrrho-</strong></span> 
     </span>
     <span class='ocr_line' id='line_1_13' title="bbox 389 2185 1512 2280; baseline 0 -22"><span class='ocrx_word' id='word_1_84' title='bbox 389 2186 474 2258; x_wconf 91' lang='lat' dir='ltr'><strong>nios</strong></span> <span class='ocrx_word' id='word_1_85' title='bbox 507 2185 621 2280; x_wconf 79' lang='lat' dir='ltr'><strong>ipsoS,</strong></span> <span class='ocrx_word' id='word_1_86' title='bbox 652 2185 793 2258; x_wconf 85' lang='lat' dir='ltr'><strong>vellant</strong></span> <span class='ocrx_word' id='word_1_87' title='bbox 824 2185 981 2275; x_wconf 89' lang='lat' dir='ltr'><strong>nollent,</strong></span> <span class='ocrx_word' id='word_1_88' title='bbox 1017 2185 1243 2259; x_wconf 89' lang='lat' dir='ltr'><strong>Academico</strong></span> <span class='ocrx_word' id='word_1_89' title='bbox 1271 2207 1390 2277; x_wconf 91' lang='lat' dir='ltr'><strong>more,</strong></span> <span class='ocrx_word' id='word_1_90' title='bbox 1425 2207 1512 2258; x_wconf 90' lang='lat' dir='ltr'><strong>cum</strong></span> 
     </span>
     <span class='ocr_line' id='line_1_14' title="bbox 389 2318 1515 2414; baseline -0.001 -21"><span class='ocrx_word' id='word_1_91' title='bbox 389 2320 579 2413; x_wconf 85' lang='lat' dir='ltr'><strong>agendum</strong></span> <span class='ocrx_word' id='word_1_92' title='bbox 603 2323 714 2409; x_wconf 89' lang='lat' dir='ltr'><strong>esset,</strong></span> <span class='ocrx_word' id='word_1_93' title='bbox 745 2318 915 2391; x_wconf 84' lang='lat' dir='ltr'><strong>remissis</strong></span> <span class='ocrx_word' id='word_1_94' title='bbox 951 2318 1091 2413; x_wconf 91' lang='lat' dir='ltr'><strong>quibus</strong></span> <span class='ocrx_word' id='word_1_95' title='bbox 1123 2318 1378 2392; x_wconf 90' lang='lat' dir='ltr'><strong>cohibendum</strong></span> <span class='ocrx_word' id='word_1_96' title='bbox 1415 2319 1515 2414; x_wconf 88' lang='lat' dir='ltr'><strong>judi-</strong></span> 
     </span>
     <span class='ocr_line' id='line_1_15' title="bbox 390 2451 1510 2548; baseline -0.003 -20"><span class='ocrx_word' id='word_1_97' title='bbox 390 2453 492 2528; x_wconf 92' lang='lat' dir='ltr'><strong>cium</strong></span> <span class='ocrx_word' id='word_1_98' title='bbox 523 2458 720 2526; x_wconf 80' lang='lat' dir='ltr'><strong>censerent</strong></span> <span class='ocrx_word' id='word_1_99' title='bbox 744 2451 918 2543; x_wconf 71' lang='lat' dir='ltr'><strong>habenis</strong></span> <span class='ocrx_word' id='word_1_100' title='bbox 940 2453 1207 2547; x_wconf 86' lang='lat' dir='ltr'><strong>probabilitate</strong></span> <span class='ocrx_word' id='word_1_101' title='bbox 1234 2453 1401 2548; x_wconf 91' lang='lat' dir='ltr'><strong>quadam</strong></span> <span class='ocrx_word' id='word_1_102' title='bbox 1425 2453 1510 2526; x_wconf 86' lang='lat' dir='ltr'><strong>niti.</strong></span> 
     </span>
     <span class='ocr_line' id='line_1_16' title="bbox 391 2585 1515 2681; baseline -0.001 -22"><span class='ocrx_word' id='word_1_103' title='bbox 391 2586 492 2674; x_wconf 85' lang='lat' dir='ltr'><strong>Quid</strong></span> <span class='ocrx_word' id='word_1_104' title='bbox 519 2586 622 2659; x_wconf 93' lang='lat' dir='ltr'><strong>enim</strong></span> <span class='ocrx_word' id='word_1_105' title='bbox 641 2586 747 2659; x_wconf 88' lang='lat' dir='ltr'><strong>aliud</strong></span> <span class='ocrx_word' id='word_1_106' title='bbox 770 2590 828 2659; x_wconf 89' lang='lat' dir='ltr'><strong>est</strong></span> <span class='ocrx_word' id='word_1_107' title='bbox 850 2607 963 2679; x_wconf 83' lang='lat' dir='ltr'><strong>agere</strong></span> <span class='ocrx_word' id='word_1_108' title='bbox 982 2609 1098 2680; x_wconf 89' lang='lat' dir='ltr'><strong>quam</strong></span> <span class='ocrx_word' id='word_1_109' title='bbox 1117 2585 1287 2680; x_wconf 84' lang='lat' dir='ltr'><strong>judicare</strong></span> <span class='ocrx_word' id='word_1_110' title='bbox 1310 2585 1402 2680; x_wconf 90' lang='lat' dir='ltr'><strong>quid</strong></span> <span class='ocrx_word' id='word_1_111' title='bbox 1419 2587 1515 2681; x_wconf 92' lang='lat' dir='ltr'><strong>opti-</strong></span> 
     </span>
    </p>
   </div>
   <div class='ocr_carea' id='block_1_3' title="bbox 390 2719 1587 3483">
    <p class='ocr_par' dir='ltr' id='par_1_4' title="bbox 390 2719 1587 3483">
     <span class='ocr_line' id='line_1_17' title="bbox 391 2719 1562 2824; baseline 0 -32"><span class='ocrx_word' id='word_1_112' title='bbox 391 2743 498 2793; x_wconf 87' lang='lat' dir='ltr'><strong>mum</strong></span> <span class='ocrx_word' id='word_1_113' title='bbox 518 2720 580 2811; x_wconf 71' lang='lat' dir='ltr'><strong>Sil,</strong></span> <span class='ocrx_word' id='word_1_114' title='bbox 598 2724 666 2793; x_wconf 88' lang='lat' dir='ltr'><strong>aut</strong></span> <span class='ocrx_word' id='word_1_115' title='bbox 680 2720 773 2814; x_wconf 77' lang='lat' dir='ltr'><strong>quid</strong></span> <span class='ocrx_word' id='word_1_116' title='bbox 794 2724 851 2793; x_wconf 73' lang='lat' dir='ltr'><strong>esi</strong></span> <span class='ocrx_word' id='word_1_117' title='bbox 866 2720 959 2792; x_wconf 82' lang='lat' dir='ltr'><strong>illud</strong></span> <span class='ocrx_word' id='word_1_118' title='bbox 982 2725 1165 2806; x_wconf 72' lang='grc' dir='ltr'>φαινὲμενον,</span> <span class='ocrx_word' id='word_1_119' title='bbox 1189 2721 1290 2814; x_wconf 82' lang='lat' dir='ltr'><strong>quod</strong></span> <span class='ocrx_word' id='word_1_120' title='bbox 1317 2719 1404 2794; x_wconf 71' lang='lat' dir='ltr'><strong>Sex.</strong></span> <span class='ocrx_word' id='word_1_121' title='bbox 1428 2721 1515 2794; x_wconf 75' lang='lat' dir='ltr'><strong>Esn-</strong></span> <span class='ocrx_word' id='word_1_122' title='bbox 1551 2801 1562 2824; x_wconf 53' lang='lat'><strong>·</strong></span> 
     </span>
     <span class='ocr_line' id='line_1_18' title="bbox 390 2853 1587 2949; baseline 0.003 -24"><span class='ocrx_word' id='word_1_123' title='bbox 390 2854 534 2949; x_wconf 88' lang='lat' dir='ltr'><strong>piricus</strong></span> <span class='ocrx_word' id='word_1_124' title='bbox 561 2854 796 2948; x_wconf 89' lang='lat' dir='ltr'><strong>sequendum</strong></span> <span class='ocrx_word' id='word_1_125' title='bbox 822 2854 926 2943; x_wconf 92' lang='lat' dir='ltr'><strong>dicit,</strong></span> <span class='ocrx_word' id='word_1_126' title='bbox 945 2853 1020 2926; x_wconf 88' lang='lat' dir='ltr'><strong>nisi</strong></span> <span class='ocrx_word' id='word_1_127' title='bbox 1047 2853 1140 2926; x_wconf 93' lang='lat' dir='ltr'><strong>illud</strong></span> <span class='ocrx_word' id='word_1_128' title='bbox 1167 2855 1293 2948; x_wconf 93' lang='lat' dir='ltr'><strong>ipsum</strong></span> <span class='ocrx_word' id='word_1_129' title='bbox 1319 2855 1514 2949; x_wconf 89' lang='lat' dir='ltr'><strong>probabile</strong></span> <span class='ocrx_word' id='word_1_130' title='bbox 1584 2893 1587 2900; x_wconf 93' lang='lat'>·</span> 
     </span>
     <span class='ocr_line' id='line_1_19' title="bbox 391 2985 1515 3083; baseline 0.001 -22"><span class='ocrx_word' id='word_1_131' title='bbox 391 2992 460 3061; x_wconf 90' lang='lat' dir='ltr'><strong>aut</strong></span> <span class='ocrx_word' id='word_1_132' title='bbox 484 2987 692 3062; x_wconf 86' lang='lat' dir='ltr'><strong>verisimile</strong></span> <span class='ocrx_word' id='word_1_133' title='bbox 722 2988 822 3082; x_wconf 91' lang='lat' dir='ltr'><strong>quod</strong></span> <span class='ocrx_word' id='word_1_134' title='bbox 856 2985 1113 3060; x_wconf 51' lang='lat' dir='ltr'><strong>insectatum?</strong></span> <span class='ocrx_word' id='word_1_135' title='bbox 1141 2987 1265 3074; x_wconf 84' lang='lat' dir='ltr'><strong>Quare</strong></span> <span class='ocrx_word' id='word_1_136' title='bbox 1298 2988 1515 3083; x_wconf 77' lang='lat' dir='ltr'><strong>Epictetus⁶</strong></span> 
     </span>
     <span class='ocr_line' id='line_1_20' title="bbox 392 3120 1515 3216; baseline 0.002 -22"><span class='ocrx_word' id='word_1_137' title='bbox 392 3121 490 3194; x_wconf 93' lang='lat' dir='ltr'><strong>nihil</strong></span> <span class='ocrx_word' id='word_1_138' title='bbox 513 3121 694 3194; x_wconf 89' lang='lat' dir='ltr'><strong>intereos</strong></span> <span class='ocrx_word' id='word_1_139' title='bbox 713 3120 865 3193; x_wconf 82' lang='lat' dir='ltr'><strong>differre</strong></span> <span class='ocrx_word' id='word_1_140' title='bbox 888 3120 1095 3194; x_wconf 86' lang='lat' dir='ltr'><strong>arbitratus</strong></span> <span class='ocrx_word' id='word_1_141' title='bbox 1116 3126 1174 3193; x_wconf 93' lang='lat' dir='ltr'><strong>est</strong></span> <span class='ocrx_word' id='word_1_142' title='bbox 1194 3125 1231 3194; x_wconf 90' lang='lat' dir='ltr'><strong>et</strong></span> <span class='ocrx_word' id='word_1_143' title='bbox 1254 3121 1425 3216; x_wconf 86' lang='lat' dir='ltr'><strong>utrisque</strong></span> <span class='ocrx_word' id='word_1_144' title='bbox 1449 3145 1515 3216; x_wconf 88' lang='lat' dir='ltr'><strong>pa-</strong></span> 
     </span>
     <span class='ocr_line' id='line_1_21' title="bbox 392 3242 1510 3360; baseline 0.001 -33"><span class='ocrx_word' id='word_1_145' title='bbox 392 3256 484 3330; x_wconf 90' lang='lat' dir='ltr'><strong>riter</strong></span> <span class='ocrx_word' id='word_1_146' title='bbox 513 3254 808 3350; x_wconf 86' lang='lat' dir='ltr'><strong>repugnantiam</strong></span> <span class='ocrx_word' id='word_1_147' title='bbox 841 3254 992 3348; x_wconf 74' lang='lat' dir='ltr'><strong>obiecit,</strong></span> <span class='ocrx_word' id='word_1_148' title='bbox 1009 3242 1012 3248; x_wconf 63' lang='grc'>’</span> <span class='ocrx_word' id='word_1_149' title='bbox 1029 3254 1139 3348; x_wconf 90' lang='lat' dir='ltr'><strong>quasi</strong></span> <span class='ocrx_word' id='word_1_150' title='bbox 1173 3261 1346 3341; x_wconf 70' lang='grc' dir='ltr'>δογματικοί</span> <span class='ocrx_word' id='word_1_151' title='bbox 1372 3260 1510 3360; x_wconf 87' lang='lat' dir='ltr'><strong>esseut,</strong></span> 
     </span>
     <span class='ocr_line' id='line_1_22' title="bbox 393 3388 1510 3483; baseline -0.001 -19"><span class='ocrx_word' id='word_1_152' title='bbox 393 3390 464 3464; x_wconf 91' lang='lat' dir='ltr'><strong>etsi</strong></span> <span class='ocrx_word' id='word_1_153' title='bbox 479 3411 555 3463; x_wconf 91' lang='lat' dir='ltr'><strong>non</strong></span> <span class='ocrx_word' id='word_1_154' title='bbox 575 3411 656 3462; x_wconf 91' lang='lat' dir='ltr'><strong>esse</strong></span> <span class='ocrx_word' id='word_1_155' title='bbox 680 3389 754 3462; x_wconf 92' lang='lat' dir='ltr'><strong>sibi</strong></span> <span class='ocrx_word' id='word_1_156' title='bbox 768 3388 1025 3462; x_wconf 68' lang='lat' dir='ltr'><strong>viderenturl.</strong></span> <span class='ocrx_word' id='word_1_157' title='bbox 1047 3389 1128 3483; x_wconf 90' lang='lat' dir='ltr'><strong>lpse</strong></span> <span class='ocrx_word' id='word_1_158' title='bbox 1148 3390 1263 3462; x_wconf 90' lang='lat' dir='ltr'><strong>etiam</strong></span> <span class='ocrx_word' id='word_1_159' title='bbox 1285 3389 1510 3480; x_wconf 83' lang='lat' dir='ltr'><strong>Favorinus,</strong></span> 
     </span>
    </p>
   </div>
   <div class='ocr_carea' id='block_1_4' title="bbox 427 3635 1514 3707">
    <p class='ocr_par' dir='ltr' id='par_1_5' title="bbox 427 3635 1514 3707">
     <span class='ocr_line' id='line_1_23' title="bbox 427 3635 1514 3707; baseline -0.003 -12"><span class='ocrx_word' id='word_1_160' title='bbox 427 3641 436 3675; x_wconf 88' lang='lat'>¹</span> <span class='ocrx_word' id='word_1_161' title='bbox 458 3640 525 3695; x_wconf 84' lang='lat' dir='ltr'><strong>Sex.</strong></span> <span class='ocrx_word' id='word_1_162' title='bbox 549 3637 730 3706; x_wconf 83' lang='lat' dir='ltr'><strong>Empiricos,</strong></span> <span class='ocrx_word' id='word_1_163' title='bbox 754 3635 800 3706; x_wconf 90' lang='lat' dir='ltr'><strong>P.,</strong></span> <span class='ocrx_word' id='word_1_164' title='bbox 821 3637 843 3705; x_wconf 90' lang='lat' dir='ltr'><strong>l,</strong></span> <span class='ocrx_word' id='word_1_165' title='bbox 865 3648 910 3706; x_wconf 89' lang='lat'><strong>111,</strong></span> <span class='ocrx_word' id='word_1_166' title='bbox 933 3635 1004 3706; x_wconf 76' lang='lat'><strong>226;</strong></span> <span class='ocrx_word' id='word_1_167' title='bbox 1027 3637 1152 3707; x_wconf 88' lang='lat' dir='ltr'><strong>Gellius,</strong></span> <span class='ocrx_word' id='word_1_168' title='bbox 1172 3637 1208 3692; x_wconf 88' lang='lat' dir='ltr'><strong>N.</strong></span> <span class='ocrx_word' id='word_1_169' title='bbox 1225 3637 1271 3707; x_wconf 79' lang='lat' dir='ltr'><strong>A,</strong></span> <span class='ocrx_word' id='word_1_170' title='bbox 1290 3639 1338 3707; x_wconf 84' lang='lat' dir='ltr'><strong>XI,</strong></span> <span class='ocrx_word' id='word_1_171' title='bbox 1357 3652 1385 3707; x_wconf 95' lang='lat' dir='ltr'><strong>v,</strong></span> <span class='ocrx_word' id='word_1_172' title='bbox 1402 3637 1428 3693; x_wconf 93' lang='lat'><strong>8.</strong></span> <span class='ocrx_word' id='word_1_173' title='bbox 1447 3640 1514 3696; x_wconf 90' lang='lat' dir='ltr'><strong>Non</strong></span> 
     </span>
    </p>
   </div>
   <div class='ocr_carea' id='block_1_5' title="bbox 297 3722 1515 3797">
    <p class='ocr_par' dir='ltr' id='par_1_6' title="bbox 297 3722 1515 3797">
     <span class='ocr_line' id='line_1_24' title="bbox 297 3722 1515 3797; baseline -0.004 -12"><span class='ocrx_word' id='word_1_174' title='bbox 297 3722 299 3726; x_wconf 73' lang='grc'><strong>’</strong></span> <span class='ocrx_word' id='word_1_175' title='bbox 392 3728 518 3785; x_wconf 91' lang='lat' dir='ltr'><strong>dubium</strong></span> <span class='ocrx_word' id='word_1_176' title='bbox 531 3731 582 3783; x_wconf 89' lang='lat' dir='ltr'><strong>est</strong></span> <span class='ocrx_word' id='word_1_177' title='bbox 598 3727 671 3796; x_wconf 89' lang='lat' dir='ltr'><strong>quin</strong></span> <span class='ocrx_word' id='word_1_178' title='bbox 686 3727 800 3781; x_wconf 89' lang='lat' dir='ltr'><strong>Gellius</strong></span> <span class='ocrx_word' id='word_1_179' title='bbox 815 3726 865 3780; x_wconf 93' lang='lat' dir='ltr'><strong>hic</strong></span> <span class='ocrx_word' id='word_1_180' title='bbox 879 3727 992 3780; x_wconf 82' lang='lat' dir='ltr'><strong>referat</strong></span> <span class='ocrx_word' id='word_1_181' title='bbox 1007 3727 1201 3781; x_wconf 90' lang='lat' dir='ltr'><strong>Aenesidemi</strong></span> <span class='ocrx_word' id='word_1_182' title='bbox 1214 3728 1308 3782; x_wconf 88' lang='lat' dir='ltr'><strong>verba</strong></span> <span class='ocrx_word' id='word_1_183' title='bbox 1323 3742 1402 3797; x_wconf 87' lang='lat' dir='ltr'><strong>quae</strong></span> <span class='ocrx_word' id='word_1_184' title='bbox 1425 3728 1515 3782; x_wconf 90' lang='lat' dir='ltr'><strong>nobis</strong></span> 
     </span>
    </p>
   </div>
   <div class='ocr_carea' id='block_1_6' title="bbox 392 3813 1516 4690">
    <p class='ocr_par' dir='ltr' id='par_1_7' title="bbox 392 3813 1516 4065">
     <span class='ocr_line' id='line_1_25' title="bbox 393 3813 1516 3884; baseline -0.003 -11"><span class='ocrx_word' id='word_1_185' title='bbox 393 3816 530 3873; x_wconf 88' lang='lat' dir='ltr'><strong>aPhotio</strong></span> <span class='ocrx_word' id='word_1_186' title='bbox 543 3815 655 3870; x_wconf 86' lang='lat' dir='ltr'><strong>tradita</strong></span> <span class='ocrx_word' id='word_1_187' title='bbox 667 3818 748 3870; x_wconf 88' lang='lat' dir='ltr'><strong>sunt.</strong></span> <span class='ocrx_word' id='word_1_188' title='bbox 770 3813 943 3870; x_wconf 87' lang='lat' dir='ltr'><strong>Verisimile</strong></span> <span class='ocrx_word' id='word_1_189' title='bbox 958 3818 1060 3868; x_wconf 88' lang='lat' dir='ltr'><strong>autem</strong></span> <span class='ocrx_word' id='word_1_190' title='bbox 1078 3819 1127 3869; x_wconf 88' lang='lat' dir='ltr'><strong>est</strong></span> <span class='ocrx_word' id='word_1_191' title='bbox 1147 3830 1206 3870; x_wconf 89' lang='lat' dir='ltr'><strong>non</strong></span> <span class='ocrx_word' id='word_1_192' title='bbox 1223 3815 1324 3884; x_wconf 91' lang='lat' dir='ltr'><strong>ipsum</strong></span> <span class='ocrx_word' id='word_1_193' title='bbox 1340 3816 1456 3883; x_wconf 80' lang='lat' dir='ltr'><strong>legisse</strong></span> <span class='ocrx_word' id='word_1_194' title='bbox 1478 3830 1516 3870; x_wconf 86' lang='lat' dir='ltr'><strong>ea</strong></span> 
     </span>
     <span class='ocr_line' id='line_1_26' title="bbox 393 3889 1514 3976; baseline -0.006 -15"><span class='ocrx_word' id='word_1_195' title='bbox 393 3907 531 3976; x_wconf 86' lang='lat' dir='ltr'><strong>Gellium,</strong></span> <span class='ocrx_word' id='word_1_196' title='bbox 557 3905 613 3960; x_wconf 89' lang='lat' dir='ltr'><strong>sed</strong></span> <span class='ocrx_word' id='word_1_197' title='bbox 628 3919 647 3959; x_wconf 85' lang='lat' dir='ltr'><strong>a</strong></span> <span class='ocrx_word' id='word_1_198' title='bbox 660 3905 806 3959; x_wconf 83' lang='lat' dir='ltr'><strong>Favorino</strong></span> <span class='ocrx_word' id='word_1_199' title='bbox 824 3904 998 3973; x_wconf 87' lang='lat' dir='ltr'><strong>accepisse,</strong></span> <span class='ocrx_word' id='word_1_200' title='bbox 1015 3904 1067 3973; x_wconf 89' lang='lat' dir='ltr'><strong>qui</strong></span> <span class='ocrx_word' id='word_1_201' title='bbox 1083 3904 1279 3959; x_wconf 91' lang='lat' dir='ltr'><strong>Aenesidemi</strong></span> <span class='ocrx_word' id='word_1_202' title='bbox 1304 3889 1514 3975; x_wconf 81' lang='grc' dir='ltr'>Πυρρωνείους</span> 
     </span>
     <span class='ocr_line' id='line_1_27' title="bbox 392 3981 1129 4065; baseline -0.003 -19"><span class='ocrx_word' id='word_1_203' title='bbox 392 3981 503 4065; x_wconf 75' lang='grc' dir='ltr'>λό’γους</span> <span class='ocrx_word' id='word_1_204' title='bbox 528 3995 707 4050; x_wconf 85' lang='lat' dir='ltr'><strong>necessario</strong></span> <span class='ocrx_word' id='word_1_205' title='bbox 727 3996 862 4048; x_wconf 87' lang='lat' dir='ltr'><strong>noverat.</strong></span> <span class='ocrx_word' id='word_1_206' title='bbox 1127 3981 1129 3984; x_wconf 71' lang='grc'><strong>’</strong></span> 
     </span>
    </p>

    <p class='ocr_par' dir='ltr' id='par_1_8' title="bbox 430 4083 787 4152">
     <span class='ocr_line' id='line_1_28' title="bbox 430 4083 787 4152; baseline -0.017 -12"><span class='ocrx_word' id='word_1_207' title='bbox 430 4085 440 4118; x_wconf 81' lang='lat'><strong>²</strong></span> <span class='ocrx_word' id='word_1_208' title='bbox 459 4085 576 4152; x_wconf 86' lang='lat' dir='ltr'><strong>Cicero,</strong></span> <span class='ocrx_word' id='word_1_209' title='bbox 587 4083 692 4152; x_wconf 73' lang='lat' dir='ltr'><strong>Acad,</strong></span> <span class='ocrx_word' id='word_1_210' title='bbox 707 4083 787 4152; x_wconf 79' lang='lat'><strong>1,45.</strong></span> 
     </span>
    </p>

    <p class='ocr_par' dir='ltr' id='par_1_9' title="bbox 428 4171 715 4242">
     <span class='ocr_line' id='line_1_29' title="bbox 428 4171 715 4242; baseline -0.01 -13"><span class='ocrx_word' id='word_1_211' title='bbox 428 4174 439 4208; x_wconf 85' lang='lat'>³</span> <span class='ocrx_word' id='word_1_212' title='bbox 457 4171 715 4242; x_wconf 75' lang='lat' dir='ltr'><strong>1d.,ieid.,11,28.</strong></span> 
     </span>
    </p>

    <p class='ocr_par' dir='ltr' id='par_1_10' title="bbox 418 4261 1029 4332">
     <span class='ocr_line' id='line_1_30' title="bbox 418 4261 1029 4332; baseline -0.005 -13"><span class='ocrx_word' id='word_1_213' title='bbox 418 4262 439 4296; x_wconf 60' lang='lat'><strong>⁴⁴</strong></span> <span class='ocrx_word' id='word_1_214' title='bbox 458 4264 602 4332; x_wconf 83' lang='lat' dir='ltr'><strong>Galenus,</strong></span> <span class='ocrx_word' id='word_1_215' title='bbox 618 4261 661 4316; x_wconf 87' lang='lat' dir='ltr'><strong>De</strong></span> <span class='ocrx_word' id='word_1_216' title='bbox 674 4264 734 4331; x_wconf 82' lang='lat' dir='ltr'><strong>opt.</strong></span> <span class='ocrx_word' id='word_1_217' title='bbox 749 4261 856 4329; x_wconf 69' lang='lat' dir='ltr'><strong>docta,</strong></span> <span class='ocrx_word' id='word_1_218' title='bbox 872 4274 897 4330; x_wconf 89' lang='lat'><strong>1;</strong></span> <span class='ocrx_word' id='word_1_219' title='bbox 914 4262 936 4330; x_wconf 89' lang='lat' dir='ltr'><strong>l,</strong></span> <span class='ocrx_word' id='word_1_220' title='bbox 950 4262 982 4315; x_wconf 79' lang='lat'><strong>41</strong></span> <span class='ocrx_word' id='word_1_221' title='bbox 996 4261 1029 4316; x_wconf 91' lang='lat' dir='ltr'><strong>K.</strong></span> 
     </span>
    </p>

    <p class='ocr_par' dir='ltr' id='par_1_11' title="bbox 428 4349 1012 4420">
     <span class='ocr_line' id='line_1_31' title="bbox 428 4349 1012 4420; baseline -0.005 -13"><span class='ocrx_word' id='word_1_222' title='bbox 428 4351 439 4386; x_wconf 80' lang='lat'>⁵</span> <span class='ocrx_word' id='word_1_223' title='bbox 458 4353 527 4408; x_wconf 82' lang='lat' dir='ltr'><strong>Sex.</strong></span> <span class='ocrx_word' id='word_1_224' title='bbox 542 4350 724 4420; x_wconf 78' lang='lat' dir='ltr'><strong>EmpiricuS,</strong></span> <span class='ocrx_word' id='word_1_225' title='bbox 735 4351 770 4402; x_wconf 89' lang='grc' dir='ltr'><em>Μ</em></span> <span class='ocrx_word' id='word_1_226' title='bbox 771 4390 790 4416; x_wconf 87' lang='grc'><strong>.,</strong></span> <span class='ocrx_word' id='word_1_227' title='bbox 804 4349 867 4418; x_wconf 87' lang='lat' dir='ltr'><strong>Vll,</strong></span> <span class='ocrx_word' id='word_1_228' title='bbox 878 4349 931 4403; x_wconf 79' lang='lat'><strong>435</strong></span> <span class='ocrx_word' id='word_1_229' title='bbox 944 4363 1012 4420; x_wconf 87' lang='lat' dir='ltr'><strong>sqq.</strong></span> 
     </span>
    </p>

    <p class='ocr_par' dir='ltr' id='par_1_12' title="bbox 392 4419 1515 4598">
     <span class='ocr_line' id='line_1_32' title="bbox 428 4419 1515 4510; baseline -0.006 -14"><span class='ocrx_word' id='word_1_230' title='bbox 428 4440 440 4475; x_wconf 79' lang='lat'>⁸</span> <span class='ocrx_word' id='word_1_231' title='bbox 457 4440 588 4510; x_wconf 82' lang='lat' dir='ltr'><strong>Epicteti</strong></span> <span class='ocrx_word' id='word_1_232' title='bbox 602 4438 1027 4509; x_wconf 68' lang='lat' dir='ltr'><strong>Dissertatloaeal,xxvrr,l5:</strong></span> <span class='ocrx_word' id='word_1_233' title='bbox 1050 4421 1242 4509; x_wconf 77' lang='grc' dir='ltr'>Πυρρώνειος</span> <span class='ocrx_word' id='word_1_234' title='bbox 1258 4428 1307 4488; x_wconf 78' lang='grc' dir='ltr'><strong>καί</strong></span> <span class='ocrx_word' id='word_1_235' title='bbox 1332 4419 1515 4507; x_wconf 82' lang='grc' dir='ltr'>Ἀκαδημαϊ·</span> 
     </span>
     <span class='ocr_line' id='line_1_33' title="bbox 392 4509 1439 4598; baseline -0.005 -18"><span class='ocrx_word' id='word_1_236' title='bbox 392 4518 535 4593; x_wconf 47' lang='lat' dir='ltr'><strong>aba-..A</strong></span> <span class='ocrx_word' id='word_1_237' title='bbox 553 4529 687 4598; x_wconf 83' lang='lat' dir='ltr'><strong>1,xxv11,</strong></span> <span class='ocrx_word' id='word_1_238' title='bbox 703 4528 720 4582; x_wconf 80' lang='lat'><strong>2</strong></span> <span class='ocrx_word' id='word_1_239' title='bbox 737 4543 743 4581; x_wconf 93' lang='lat'>:</span> <span class='ocrx_word' id='word_1_240' title='bbox 769 4512 947 4598; x_wconf 81' lang='grc' dir='ltr'>Πυρρώνεια</span> <span class='ocrx_word' id='word_1_241' title='bbox 966 4515 1015 4577; x_wconf 76' lang='grc' dir='ltr'><strong>καὶ</strong></span> <span class='ocrx_word' id='word_1_242' title='bbox 1040 4509 1248 4594; x_wconf 80' lang='grc' dir='ltr'>Ἀκαδημαϊκὰ</span> <span class='ocrx_word' id='word_1_243' title='bbox 1267 4517 1439 4596; x_wconf 77' lang='grc' dir='ltr'>σοφίσματα.</span> 
     </span>
    </p>

    <p class='ocr_par' dir='ltr' id='par_1_13' title="bbox 428 4616 798 4690">
     <span class='ocr_line' id='line_1_34' title="bbox 428 4616 798 4690; baseline -0.011 -14"><span class='ocrx_word' id='word_1_244' title='bbox 428 4619 438 4654; x_wconf 81' lang='lat'>⁷</span> <span class='ocrx_word' id='word_1_245' title='bbox 457 4620 512 4690; x_wconf 85' lang='lat' dir='ltr'><strong>ld,</strong></span> <span class='ocrx_word' id='word_1_246' title='bbox 528 4616 663 4690; x_wconf 73' lang='lat' dir='ltr'><strong>ibid.,11,</strong></span> <span class='ocrx_word' id='word_1_247' title='bbox 679 4631 731 4688; x_wconf 86' lang='lat' dir='ltr'><strong>xx,</strong></span> <span class='ocrx_word' id='word_1_248' title='bbox 742 4616 798 4672; x_wconf 75' lang='lat' dir='ltr'><strong>ld.</strong></span> 
     </span>
    </p>
   </div>
   <div class='ocr_carea' id='block_1_7' title="bbox 0 0 1831 5528">
    <p class='ocr_par' dir='ltr' id='par_1_14' title="bbox 0 0 1831 5528">
     <span class='ocr_line' id='line_1_35' title="bbox 0 0 1831 5528; baseline 0 0"><span class='ocrx_word' id='word_1_249' title='bbox 0 0 1831 5528; x_wconf 95' lang='lat' dir='ltr'><strong> </strong></span> 
     </span>
    </p>
   </div>
  </div>
 </body>
</html>
