3676 5528
408 540 447 600 48
860 585 864 590 -
890 561 981 603 curor
1001 562 1044 604 ru.
1160 567 1163 570 ·

406 689 547 762 rectius
557 689 696 763 dixerit
714 696 833 784 quam
852 691 1118 787 ipsooreoidit
1128 691 1414 768 Notandum'est
1432 694 1534 768 enini

406 823 446 894 in
465 823 520 896 eis
536 824 705 897 materiis
724 825 948 920 plerumque
972 825 1160 919 ejusmodi
1174 848 1234 898 res
1254 828 1430 900 laudatas
1454 849 1534 900 esse

406 981 503 1051 quas
523 959 675 1052 vulgus,
695 964 880 1054 tanquam
902 961 1005 1034 leves
1026 962 1094 1060 aut
1122 961 1364 1055 injucundus,
1392 963 1535 1057 spernit

297 1121 304 1136 ·
406 1097 444 1165 et
463 1093 554 1166 odit.
579 1093 827 1189 Philosophos
845 1096 973 1168 auteni
990 1117 1155 1190 aequum
1171 1096 1289 1168 estid
1305 1096 1437 1169 iecisse
1459 1119 1534 1168 non

403 1227 626 1319 ‘exercendis
645 1229 806 1322 argutiis
833 1251 955 1324 neque
985 1229 1208 1302 edomandis
1235 1252 1307 1303 usu
1330 1229 1535 1304 difficulta-

406 1361 524 1451 tibus,
549 1383 673 1456 neque
692 1385 781 1436 vero
797 1365 848 1437 ob¹
864 1386 1007 1436 vanam
1026 1363 1264 1457 voluptatem
1291 1385 1315 1436 a
1340 1363 1534 1436 communi

346 1593 354 1604 .
408 1517 520 1568 seusu
543 1496 696 1572 diversa
709 1497 904 1571 asserendi
929 1497 1050 1593 (velut
1077 1519 1166 1569 cum
1185 1475 1254 1570 Dio
1274 1498 1532 1571 demonstrare

402 1635 566 1702 *conatus
585 1635 642 1703 est
661 1645 859 1727 nunquam
877 1633 1074 1705 obsessum
1094 1632 1211 1705 fuisse
1227 1631 1338 1704 llium
1353 1633 1402 1704 ab
1418 1630 1534 1703 Achi-

406 1763 518 1859 ''vis¹)‚
547 1765 625 1852 sed,
650 1766 753 1859 quod
774 1766 899 1860 majus
919 1767 1127 1862 utiliusque
1145 1771 1215 1858 est,
1235 1770 1279 1838 ut
1304 1770 1342 1838 et
1360 1765 1433 1860 ipsi
1455 1786 1534 1838 sese

406 1898 590 1970 adversus
610 1903 854 1972 externarum
876 1923 1003 1974 rerum
1017 1901 1194 1973 timorem
1213 1899 1484 1972 confirmarent
1498 1903 1536 1971 et

405 2031 513 2125 uulgi
542 2054 686 2106 errores
709 2033 934 2107 refellerent.
970 2035 1098 2128 Neque
1120 2034 1223 2107 euim
1245 2033 1400 2106 ludendi
1419 2053 1535 2105 causa

407 2165 605 2239 Lucretius
623 2166 837 2240 incredibili
848 2171 1160 2262 argumentorum
1180 2167 1536 2262 copia'demonstra-

407 2299 465 2372 vit
489 2322 732 2396 nequaquam
760 2303 1004 2376 metuendam
1032 2324 1114 2376 esse
1136 2301 1347 2396 mortem³;
1388 2322 1535 2373 necnon

409 2432 594 2542 Socrates,
611 2439 697 2508 cum
715 2435 874 2530 jamjam
894 2436 934 2508 in
949 2458 992 2509 eo
1011 2439 1110 2509 asset
1124 2440 1168 2507 ut
1185 2433 1321 2528 capitis
1336 2433 1536 2506 damnare·
1606 2419 1609 2424 ’

399 2571 483 2659 tur,
495 2567 535 2640 id
546 2569 744 2641 nou-modo
756 2569 945 2643 malorum
960 2569 1260 2663 pessimumesse
1270 2568 1449 2661 negabat,
1470 2566 1536 2638 sed

406 2697 564 2774 fortasse
596 2701 658 2774 vel
685 2702 872 2796 optimum
899 2705 1087 2776 bonorum
1115 2701 1283 2796 ajebat³.'
1307 2700 1379 2788 Qui
1407 2704 1535 2773 autem

408 2838 568 2906 mortem
584 2857 660 2907 non
675 2835 824 2926 timent,
848 2859 926 2908 non
954 2837 1073 2932 magis
1086 2835 1249 2908 timeant
1262 2838 1537 2908 necesseestea

407 2966 551 3040 leviora
572 2991 670 3062 quae
698 2969 867 3063 ejusdem
889 2976 1049 3044 naturae
1070 2975 1173 3061 sunt,
1199 2969 1331 3063 qualia
1357 2972 1447 3041 sunt
1471 2989 1536 3041 se-

408 3105 553 3190 nectus
571 3101 690 3209 dolor,
709 3088 880 3194 morbus
899 3103 1066 3198 corporis
1085 3101 1274 3197 quaedam
1302 3100 1532 3173 imminutio,

411 3232 515 3307 Dixit
529 3234 644 3308 etiam
657 3235 852 3330 Epictetus
867 3259 1016 3332 semper
1034 3260 1057 3310 a
1073 3237 1285 3310 minoribus
1305 3237 1419 3309 rebus
1434 3233 1536 3307 inci—

408 3368 591 3463 piendum
618 3373 661 3441 ut
686 3370 876 3464 majorum
899 3377 1031 3466 postea
1052 3371 1307 3445 dedisceretur
1334 3369 1461 3461 timor,
1482 3372 1532 3458 et,

409 3503 441 3575 si
479 3503 566 3596 quis
593 3525 685 3576 aure
718 3506 780 3578 vel
812 3505 936 3599 capite
963 3505 1096 3580 dolens
1123 3505 1269 3600 gemitu
1294 3507 1533 3599 temperaret,

408 3647 497 3709 eum
517 3659 605 3710 mox
624 3637 752 3731 ipsum
771 3644 886 3734 caput
903 3629 1174 3733 aequo'animo
1198 3639 1271 3712 sihi
1303 3637 1384 3711 tolli
1402 3660 1536 3732 passu-

408 3765 525 3842 rum⁴.
552 3769 754 3867 Quodque
782 3766 937 3847 facilius
961 3771 1257 3869 consequantur,
1287 3793 1365 3845 non
1395 3770 1536 3842 mirum

409 4004 459 4055 est
480 4001 511 4055 id
533 4002 615 4071 quod
639 4002 721 4070 apud
741 4004 878 4059 Senecae
898 4002 1120 4059 Controuersics
1138 4006 1185 4074 (ΙΙ,
1205 4004 1312 4072 praet,
1330 4002 1348 4056 5
1369 4000 1536 4069 Kiessling)

409 4091 529 4159 legitur,
545 4091 699 4158 Papirium
712 4093 889 4164 Fabianum,
904 4108 973 4148 cum
987 4094 1050 4161 jam
1066 4094 1105 4148 ad
1120 4092 1348 4162 philosophiam
1372 4105 1445 4146 sese
1465 4104 1536 4144 con-

409 4179 565 4248 vertisset,
579 4193 639 4233 non
652 4179 722 4235 ideo
736 4196 755 4235 a
770 4182 1047 4238 declamationibus
1061 4183 1246 4238 recessisse.
1324 4227 1325 4230 η

445 4269 453 4302 ¹
475 4269 530 4322 Dio
543 4269 659 4338 Chrys,
673 4268 768 4340 Orat,
780 4272 829 4326 XI.

445 4356 456 4390 ²
475 4357 646 4426 Lucretius,
658 4360 691 4413 D.
704 4357 739 4414 R.
753 4359 802 4430 N.‚
819 4361 869 4416 ill.
897 4424 898 4428 η
992 4378 996 4388 ·

445 4449 456 4482 ³
475 4431 571 4516 Plato,
584 4446 670 4515 Apol.
684 4443 778 4518 Secu,
790 4463 821 4516 p.
834 4448 870 4503 29
880 4465 907 4505 a.
1520 4504 1525 4532 Α

334 4609 338 4616 .
446 4527 608 4602 ‘Epicteti
627 4535 872 4608 Dissertationes,
897 4540 920 4610 l,‘
940 4551 1027 4610 xvin,
1049 4537 1103 4608 183
1128 4538 1176 4608 IV,
1199 4549 1220 4607 1,
1243 4536 1318 4606 lll;
1340 4533 1448 4604 Ecch„
1473 4534 1534 4603 ΙΙΙ;

409 4624 502 4693 xlta
518 4641 524 4694 3
546 4625 643 4679 XXVI.
1410 4645 1424 4654 ··
