3648 5528
386 518 425 580 76
881 537 973 582 cnrur
995 540 1024 582 ν.

385 700 433 752 ex
461 677 543 772 ipso
568 679 684 752 eliam
713 699 886 752 sermone
918 678 964 752 de
988 679 1277 753 autumnalibus
1312 677 1514 754 insomniis

386 811 518 885 habito
538 811 638 885 idem
658 810 768 885 facile
792 811 994 906 colligitur.
1017 809 1116 886 Nam
1129 813 1298 907 primum
1316 835 1394 887 uon
1417 815 1515 910 peri-

386 945 593 1040 pateticum
619 967 707 1018 eum
735 967 817 1018 esse
845 945 943 1019 dixit
972 947 1213 1037 Plutarchus,
1236 948 1301 1020 sed
1320 949 1515 1043 peripate-

387 1080 484 1153 ticae
499 1085 622 1153 sectae
634 1077 851 1175 plurimum
869 1077 1157 1176 probabilitatis
1187 1081 1352 1155 tribuere
1367 1087 1393 1173 ¹,
1412 1084 1513 1179 quod

387 1213 537 1287 dicendi
562 1235 683 1307 genus
707 1213 935 1287 Academiae
958 1213 1154 1309 proprium
1184 1220 1253 1293 est.
1276 1215 1420 1289 Deinde
1435 1215 1514 1311 ipse

389 1347 615 1440 Favorinus,
637 1370 859 1443 quanquam
874 1325 1089 1422 Aristotelis
1114 1349 1341 1422 sententiam
1363 1351 1511 1444 prohat,

388 1481 488 1576 quod
500 1481 598 1554 vidit
612 1481 828 1554 Autobulus
842 1483 869 1572 ²,
886 1486 1016 1554 tamen
1031 1503 1109 1555 non
1118 1482 1286 1555 abstinet
1299 1482 1393 1576 quin
1404 1485 1514 1579 longe

388 1615 505 1688 aliam
534 1615 736 1689 Democriti
761 1615 989 1689 senientiam
1009 1616 1102 1690 adeo
1121 1616 1270 1711 copiose
1295 1617 1458 1712 explicet
1470 1624 1515 1693 ut

389 1771 474 1822 eam
501 1749 605 1821 haud
617 1749 671 1822 ita
686 1749 892 1822 absurdam
906 1747 1076 1843 judicare
1090 1748 1290 1844 videatur3
1311 1749 1378 1845 qui
1397 1750 1513 1824 etiam

391 1883 613 1977 disputandi
642 1905 724 1956 mos
751 1882 978 1956 Academiae
1011 1882 1187 1978 proprius
1212 1888 1282 1956 est.
1318 1883 1402 1956 lam
1424 1905 1514 1958 vero

391 2017 517 2110 ipsum
552 1999 812 2107 Plutarchum,
840 2038 927 2090 cum
954 2038 1029 2111 quo
1053 2017 1267 2091 Favorinus
1299 2019 1515 2091 aemulatus

389 2172 471 2225 esse
493 2172 517 2223 a
541 2149 660 2224 Suida
682 2151 807 2224 dictus
835 2154 927 2242 est³‚
950 2171 995 2224 ea
1018 2172 1168 2244 quoque
1192 2152 1238 2224 de
1265 2173 1304 2224 re
1324 2151 1514 2225 Favorino

389 2285 704 2379 comparaverim.
719 2285 829 2377 Nam,
843 2286 913 2358 etsi
927 2284 1197 2380 peripateticus
1211 2285 1328 2358 luisse
1347 2286 1422 2358 dici
1437 2308 1514 2360 non

389 2422 525 2514 potest,
536 2423 665 2492 tamen
680 2420 984 2513 Theophrastum
1001 2440 1227 2513 magnopere
1235 2418 1420 2504 laudavit,
1429 2425 1515 2492 tan-

389 2575 505 2647 quam
521 2559 612 2641 ἄνδρα
627 2561 765 2639 φιλήκοον
780 2558 828 2621 καὶ
844 2562 986 2640 ἱστορικὸν
1001 2554 1072 2640 παρ’
1083 2562 1230 2621 ὁντιναοῦν
1245 2563 1302 2620 τῶν
1319 2553 1512 2640 piissimam,

391 2690 428 2759 et
443 2685 536 2781 ipse,
555 2685 713 2779 quinon
733 2685 971 2759 mediocriter
989 2684 1225 2758 naturalium
1246 2685 1514 2779 quaestionum

391 2821 562 2893 curiosus
595 2825 706 2910 esset,
742 2820 1031 2913 diIIgentissime
1070 2817 1284 2891 Aristotelis
1321 2823 1358 2891 et
1394 2819 1514 2892 Theo-

390 2954 664 3049 phrastiopera
678 2954 856 3027 excussit.
876 2953 1047 3047 Denique
1061 2953 1161 3025 alius
1181 2951 1360 3024 Favorini
1375 2973 1515 3046 aequa-

390 3088 450 3177 lis,
481 3087 595 3160 Plinii
624 3088 779 3160 Minoris
817 3087 1031 3177 familiaris,
1067 3086 1236 3160 Licinius
1265 3085 1376 3178 Sura,
1393 3109 1515 3180 argu-

390 3227 518 3295 mento
537 3243 618 3294 esse
632 3226 755 3314 potest
778 3221 1026 3294 Academicae
1046 3225 1169 3294 sectae
1196 3241 1400 3313 congruere
1419 3221 1514 3294 tales

391 3355 703 3450 investigationes
725 3378 732 3428 :
752 3360 834 3428 tum
849 3354 990 3427 enima
1010 3354 1133 3428 Plinio
1162 3353 1281 3426 iertur
1309 3353 1349 3425 in
1370 3359 1514 3426 utram-

390 3512 464 3585 que
478 3493 625 3584 partem
643 3473 837 3583 disputare
857 3510 938 3561 esse
952 3488 1098 3579 solituS,
1116 3493 1198 3561 tum
1210 3488 1256 3561 de
1274 3487 1514 3561 naturalibus

391 3622 679 3718 quaestionibus
698 3623 757 3695 his
771 3622 874 3695 abeo
889 3622 1085 3695 consultus
1104 3626 1161 3694 est
1176 3628 1201 3692 ⁵.

427 3865 435 3898 ¹
456 3863 649 3930 Plutarchus
663 3862 779 3927 Quaeri.
797 3877 889 3930 cona,
902 3862 979 3931 VIII,
991 3873 1021 3930 x,
1035 3861 1062 3930 ἓ,
1078 3861 1104 3916 l.

426 3953 437 3987 ²
457 3953 505 4007 Sic
519 3952 643 4006 enimin
658 3953 778 4020 dialogo
794 3951 973 4006 Favorinum
989 3950 1173 4019 compellat:
1197 3969 1210 4000 «
1233 3951 1346 4005 Desine
1369 3951 1514 4006 simulare

391 4043 540 4097 adversus
556 4056 632 4096 nos:
654 4056 755 4110 neque
775 4042 926 4096 animnos
949 4055 1009 4094 non
1027 4039 1156 4108 rellicta,
1173 4040 1245 4108 quia
1260 4039 1433 4094 Aristotelis
1447 4055 1514 4094 sen-

390 4133 518 4186 tentiam
539 4131 662 4199 probari
678 4131 778 4199 cupis,
794 4135 941 4199 tanquam
957 4129 1096 4183 umbram
1110 4129 1138 4183 ei
1154 4129 1331 4197 opinionem
1349 4130 1514 4184 Democriti

391 4221 632 4288 comparavisse.
648 4237 660 4271 ν
677 4221 742 4287 (Id,
757 4218 840 4287 iota,
853 4219 927 4287 VIII,
938 4232 968 4288 x,
981 4217 1008 4286 3,
1021 4218 1061 4283 2.)

426 4314 436 4347 ³
455 4310 574 4378 suidas
590 4308 671 4378 Lena,
686 4324 711 4363 s.
728 4324 755 4363 v.
782 4294 969 4377 Φαόωρϊνος.
994 4307 1036 4362 cf.
1049 4321 1145 4376 supra
1156 4321 1186 4375 p.
1199 4306 1226 4376 6,
1241 4307 1310 4361 adn.
1324 4306 1354 4362 l.

427 4397 438 4432 ⁴
456 4400 648 4468 PlutarchuS,
660 4397 840 4464 Alcibiades,
854 4399 891 4452 X.

426 4487 438 4520 ν
456 4488 571 4543 ennius
585 4489 690 4558 Minor,
701 4473 881 4557 aciemn,
891 4484 1148 4555 xxv11,15-lc;1v‚
1162 4497 1235 4540 xxx.
1247 4485 1289 4540 cr.
1303 4486 1408 4555 zener,
1420 4486 1512 4541 rac.

392 4575 456 4648 Gr„
471 4578 539 4647 111³,
552 4590 586 4648 11,
599 4592 630 4646 p.
643 4576 688 4648 69,
700 4577 769 4632 adn.
783 4577 813 4634 l.
