3648 5528
682 568 718 611 nr
739 566 879 610 ravennio
900 564 1074 610 inaurando.
1406 547 1444 608 67

321 700 361 773 in
393 701 519 774 locum
559 702 819 773 successerant
857 697 1134 770 Chaldaeorum
1171 700 1272 769 artes
1308 717 1316 768 :
1346 715 1446 790 quaa

321 833 534 944 incredibili
550 824 678 929 'gratia
701 831 804 927 apud
827 832 1019 904 Romanos
1039 830 1232 920 valebant,
1258 850 1334 902 non
1363 850 1447 900 mu-

320 967 479 1042 lieribus
499 969 635 1058 solum,
659 972 703 1040 ut
727 971 786 1039 est
807 970 948 1038 natura
972 963 1193 1059 propensior
1212 963 1261 1036 ad
1287 962 1464 1036 creduli--

323 1108 439 1175 tatem
467 1102 529 1174 ille
557 1095 683 1190 sexus,
711 1100 775 1173 sed
796 1099 889 1193 ipsis
915 1119 1066 1192 quoque
1085 1097 1380 1191 imperatoribus
1399 1096 1448 1168 ad

323 1257 464 1310 vanam
485 1236 591 1308 illam
611 1234 809 1307 scientiam
830 1231 1150 1326 confugientibus
1178 1230 1308 1305 Novae
1332 1229 1449 1324 igitur

323 1370 410 1461 arti,
427 1393 451 1443 a
470 1369 664 1442 Carneade
684 1368 863 1457 intactae,
885 1366 1027 1438 bellum
1047 1365 1093 1437 de
1113 1365 1261 1459 integro
1280 1364 1449 1437 indicen-

323 1503 415 1574 dum
441 1506 524 1574 erat
548 1507 586 1574 et
610 1505 721 1574 vetus
747 1499 953 1574 Carneadis
980 1499 1188 1593 disputatio
1213 1498 1446 1572 adhibenda.

324 1634 431 1708 Certe
457 1636 560 1730 apud
587 1634 820 1707 Favorinum
847 1635 1007 1707 eandem
1034 1633 1221 1706 rationem
1240 1633 1449 1727 eademque

323 1767 439 1840 etiam
473 1772 700 1861 argumenta
736 1767 1010 1862 deprehendas,
1051 1766 1132 1839 sive
1172 1765 1449 1840 Chaldaeorum

324 1923 505 1996 responsa
531 1921 578 1974 ex
604 1901 794 1974 industria
813 1922 895 1974 esse
914 1901 1137 1996 plerumque
1163 1901 1345 1996 ambigua
1363 1924 1451 1975 con-

324 2035 448 2109 tendit
472 2040 509 2108 et
533 2035 688 2108 fortuito
706 2056 797 2107 vera
815 2057 1094 2129 nonnunquam
1114 2035 1270 2127 tuisse¹,
1298 2035 1380 2110 sive
1402 2058 1450 2110 ex

324 2167 526 2242 contrariis
548 2168 879 2241 observationibus
903 2169 1036 2241 eadem
1057 2190 1169 2262 saepe
1188 2170 1362 2264 portendi
1377 2171 1451 2243 de—

325 2306 524 2391 monstrat,
547 2305 584 2374 et
602 2301 776 2374 inutilem
805 2301 865 2374 vel
883 2300 1009 2395 potius
1034 2301 1234 2374 exitiosam
1254 2323 1336 2375 esse
1356 2324 1450 2376 ven-

325 2435 402 2508 turi
417 2434 506 2508 mali
528 2435 705 2508 notitiam
717 2436 743 2525 ²,
765 2440 804 2507 et
816 2434 992 2508 homines
1011 2457 1089 2508 non
1103 2457 1212 2529 posse
1228 2458 1298 2509 sua
1317 2441 1450 2529 sponte

325 2590 469 2664 suoque
503 2568 660 2642 arbitrio
697 2568 790 2662 regi,
824 2572 869 2641 ut
893 2569 1002 2655 λογικὰ
1018 2577 1077 2655 ζῷα
1103 2557 1246 2660 decuti,
1272 2569 1304 2642 si
1330 2568 1450 2642 stelbs

326 2703 484 2777 caelitus
499 2702 610 2797 quasi
629 2707 880 2796 neurospasta
893 2703 1082 2795 quaedam
1097 2703 1360 2776 ducerenturl.

375 2836 463 2909 Alia
478 2836 594 2910 etiam
610 2836 651 2908 in
664 2857 705 2908 re
720 2836 953 2909 Carneadem
970 2840 1135 2909 sectatus
1150 2842 1208 2910 est
1222 2836 1448 2911 Favorinus.

326 2971 436 3061 Nam,
466 2993 553 3044 cum
582 2969 814 3062 Academici,
832 2991 951 3064 aeque
965 2991 1011 3043 ac
1031 2971 1249 3066 Pyrrhonii,
1270 2971 1369 3043 nihil
1388 2972 1453 3045 de-

328 3105 432 3179 cerni
457 3103 630 3199 nihilque
656 3102 836 3178 constitui
861 3125 972 3199 posse
998 3104 1276 3178 arbitrarentur
1303 3109 1358 3196 et,
1397 3126 1454 3179 se-

328 3239 495 3313 cundum
515 3244 607 3312 nota
626 3239 836 3334 Pyrrhonis
856 3239 986 3329 verba,
1014 3242 1180 3322 οὐμᾶλλον
1200 3243 1293 3318 οὕτως
1309 3247 1373 3326 ἔχει
1387 3244 1454 3308 τόδε

328 3381 485 3458 ἢὲκείνως
505 3381 523 3457 ἢ
544 3373 739 3461 οὐθετέρωςὸ,
768 3372 1023 3478 cohibendum
1052 3393 1133 3446 CSSC
1165 3371 1372 3466 judicium,
1398 3377 1456 3445 111-
1503 3471 1506 3478 ²

367 3712 374 3745 ¹
395 3711 520 3782 Gellius,
532 3709 570 3766 N.
592 3712 641 3780 A,
654 3711 728 3781 XIV,
742 3723 763 3781 i,
781 3709 835 3781 333
851 3711 977 3781 eicie,
998 3711 1040 3764 De
1055 3709 1161 3781 dicia,
1180 3712 1202 3780 I,
1218 3710 1267 3782 233
1284 3712 1320 3781 II,
1339 3710 1392 3781 48;
1413 3711 1456 3765 De

330 3799 522 3871 mmtmm

365 3889 376 3925 2
394 3889 519 3959 Gellius,
533 3887 569 3944 N.
585 3889 633 3959 A,
647 3890 720 3960 xiv,
734 3902 755 3960 1,
768 3888 803 3943 36
812 3907 819 3960 ;
840 3890 878 3944 cl.
893 3891 966 3960 Cic,
985 3889 1028 3943 De
1043 3888 1149 3960 divio,
1163 3890 1199 3959 ΙΙ,
1215 3889 1259 3945 20.

365 3982 376 4016 ³
394 3979 483 4034 Certe
496 3992 565 4033 eam
579 3992 645 4033 rem
658 3980 821 4046 (humanae
833 3979 1000 4034 voluntatis
1016 3980 1147 4034 liberum
1159 3979 1330 4047 arbitrium)
1348 3978 1456 4048 maj0ri

332 4081 424 4122 curae
439 4067 596 4122 habebant
611 4067 785 4122 Academici
798 4081 890 4137 quarn
903 4067 1077 4136 Pyrrhonii3
1092 4067 1131 4122 de
1141 4069 1293 4136 quanullo
1306 4069 1374 4122 loco
1387 4068 1456 4122 Sex.

332 4156 504 4225 Empirious
520 4156 642 4210 videtur
659 4157 868 4225 disputavisse
885 4157 1059 4226 (Broohard,
1073 4155 1169 4226 Scapt.
1184 4155 1283 4227 Graes,
1297 4172 1328 4226 p.
1339 4156 1412 4224 391).
1451 4212 1453 4217 .

366 4244 377 4278 ⁴
394 4245 519 4315 Gellius,
535 4244 571 4299 N.
583 4244 629 4314 A,
645 4246 717 4314 XIV,
734 4259 754 4315 1,
768 4245 812 4300 23.
829 4246 953 4301 Somnia
962 4260 1086 4320 quoque
1101 4246 1222 4300 fallacia
1236 4260 1309 4301 esse
1327 4249 1458 4301 conten-

333 4335 427 4389 debat
437 4334 622 4403 CarneadeS,
630 4347 731 4402 neque
744 4334 826 4389 aliud
838 4348 912 4389 esse
924 4349 1017 4403 quam
1028 4334 1204 4388 diurnarum
1218 4335 1384 4403 imaginum
1390 4346 1461 4388 ves·

332 4423 407 4492 tigia
420 4423 549 4493 (Cicero,
565 4421 724 4492 Dadima,
741 4423 777 4493 II,
793 4422 866 4492 127).
888 4423 930 4478 Cf.
952 4437 1032 4492 quae
1052 4423 1218 4477 Favorinus
1242 4423 1324 4492 apud
1347 4423 1463 4477 Plutar-

334 4513 425 4568 chum
435 4512 473 4567 de
485 4511 713 4566 autumnalibus
725 4513 853 4568 somniis
867 4513 943 4567 dixit
952 4513 1051 4582 (Plut,
1062 4511 1178 4576 Quaeri.
1191 4513 1366 4582 coov.,VIII,
1380 4525 1410 4582 x,
1423 4511 1462 4580 2).

369 4601 380 4636 ⁵
399 4602 524 4672 Gellius,
536 4599 572 4656 N.
589 4603 638 4671 A,
655 4601 703 4671 XI,
716 4613 745 4672 v,
756 4601 782 4656 ll.
