3648 5528
662 617 698 658 oe
720 615 853 658 ravonrnr
874 599 1055 684 πολομαθίᾳ.
1370 592 1424 652 lot

303 747 457 843 scripta,
480 769 593 842 quem
623 770 735 821 nemo
762 771 838 821 non
867 748 976 822 novit
1004 750 1128 822 laesae
1157 747 1351 841 religionis
1379 748 1428 821 ab

304 882 605 956 Atheniensibus
639 899 720 955 esse
754 888 975 956 accusatum
1001 883 1025 955 ¹.
1063 883 1156 955 Mihi
1190 904 1280 955 vero
1313 881 1429 953 simili

305 1017 451 1089 ratione
488 1017 640 1088 videtur
677 1016 850 1090 Laertius
886 1015 1139 1112 Reipublicae
1177 1015 1347 1088 Platonis
1386 1037 1431 1087 ea
1498 1037 1500 1041 ·

303 1150 548 1247 adscripsisse
570 1173 668 1244 quae
688 1174 803 1245 supra
821 1174 957 1245 parum
980 1156 1069 1246 apto
1096 1152 1177 1223 loco
1197 1149 1320 1245 posita
1349 1171 1431 1223 esse

305 1283 432 1377 dixi23
458 1284 549 1356 item
569 1307 613 1357 ea
633 1307 730 1378 quae
751 1285 789 1357 in
811 1285 942 1357 Bionis
961 1285 1043 1357 vita
1061 1282 1260 1379 leguntur³
1281 1285 1430 1358 duobus

303 1439 351 1489 ex
370 1417 540 1491 lontibus
559 1420 631 1491 hoo
648 1421 760 1492 modo
781 1419 999 1493 manavisse
1019 1420 1129 1492 oredo
1148 1443 1155 1491 :

1091 1661 1243 1728 Excerpta
1255 1675 1276 1716 e.
1287 1661 1432 1716 Favorino

376 1735 539 1803 Descripta
553 1748 592 1787 ex
607 1738 734 1787 auctore
749 1732 905 1800 Diogenis.
1101 1754 1132 1804 et
1142 1749 1424 1817 adscriptanominj

1186 1837 1337 1905 Antigoni.

356 1975 515 2061 Ἐμπεσὼν
547 1978 588 2054 εἰς
613 1980 768 2041 νδοον.....
790 1978 890 2041 uiridi
916 1975 973 2062 γὰρ

306 2089 504 2171 κατέστρεψέ,
547 2084 726 2173 ...aaron
760 2089 790 2148 δὲ
829 2086 877 2148 καὶ
916 2085 972 2149 τῶν

306 2198 543 2273 νοσοκομούντων
582 2196 684 2266 δεινῶς
721 2195 876 2270 διετίθετο,
916 2195 973 2266 ἕως

311 2297 483 2383 Ἀντίγονος
508 2301 586 2382 αὐτῷ
610 2303 660 2362 δύο
681 2299 864 2381 θεράποντας
884 2296 974 2361 ἀπέσ-

306 2410 398 2472 τειλε.
427 2409 441 2480 Η
467 2405 548 2470 ἀλλὰ
568 2407 616 2470 καὶ
636 2400 676 2482 ὣς
696 2411 889 2489 κατέστρεψε.
1103 2400 1117 2480 Η
1154 2406 1201 2469 καὶ
1221 2407 1379 2484 ἠκολούθει
1399 2432 1434 2490 γε
1548 2421 1551 2427 “

1091 2512 1169 2594 αὐτῷ
1184 2516 1214 2574 ἐν
1229 2517 1347 2596 φορείῳ,
1358 2514 1434 2576 καθά

1092 2644 1158 2700 φησι
1192 2615 1367 2704 detegite
1402 2625 1432 2685 ἐν

1090 2729 1261 2812 παντοδαπῇ
1284 2730 1404 2814 ἱστορίᾳ.

356 2975 526 3068 Denique
546 2974 633 3046 aliis
657 2955 747 3045 locis
767 2995 908 3045 novam
933 2973 1057 3046 lucem
1078 2974 1208 3046 attulit
1227 2973 1429 3065 UseneruS,

307 3110 387 3202 qui,
409 3131 496 3181 oum
515 3106 714 3202 Epicurea
740 3129 810 3179 sua
829 3112 1061 3199 procuraret,
1084 3107 1272 3180 intellexit
1290 3107 1433 3202 Dioge-

307 3265 393 3315 nem
414 3242 593 3337 pleraque
613 3263 742 3313 eorum
762 3262 861 3333 quae
880 3240 1044 3334 margini
1069 3240 1331 3334 adscripsisset
1356 3263 1432 3313 non

308 3377 433 3472 ipsum
460 3375 634 3448 intulisse
659 3375 698 3446 in
717 3374 1047 3464 commentarium,
1071 3374 1135 3446 sed
1155 3374 1322 3446 librariis
1342 3374 1434 3446 des-

308 3511 486 3584 cribenda
506 3508 719 3581 tradidisse.
741 3533 759 3578 <t
781 3499 920 3579 Evenit
938 3509 1039 3602 quod
1059 3509 1316 3580 necessarium
1336 3515 1430 3599 erat,

308 3651 351 3718 ut
369 3667 412 3718 eo
432 3644 563 3716 ordine
583 3643 648 3736 qui
667 3641 834 3714 librariis
860 3641 1025 3750 placeret
1051 3642 1242 3736 adscripta
1268 3644 1433 3736 margini

309 3778 348 3849 in
380 3775 696 3849 commentarium
730 3775 972 3866 inferrentur,
1005 3777 1220 3848 necessaria
1253 3782 1290 3849 et
1322 3776 1434 3849 utilia

308 3933 396 3983 cum
415 3909 552 3981 alienis
571 3914 608 3980 et
627 3909 758 3982 otiosis
779 3909 1040 4000 miscerentur,
1059 3910 1193 3982 turbae
1217 3910 1433 4004 inexplica-

309 4045 404 4117 biles
425 4047 705 4139 nascerenturt.
730 4067 749 4113 ν
771 4042 883 4115 Viam
910 4045 959 4116 ab
988 4043 1151 4117 Usenero
1180 4049 1432 4117 monstratam

347 4387 351 4418 ¹
374 4386 552 4452 Volkmann,
570 4399 618 4452 op.
638 4382 736 4449 laud„
751 4399 822 4451 cap
845 4395 863 4450 1,
876 4398 909 4450 p.
924 4383 953 4436 b'.
990 4435 995 4444 ,

344 4474 355 4508 ²
375 4474 416 4528 Gl.
434 4487 537 4541 supra,
554 4487 583 4539 p.
599 4471 646 4528 96.

345 4562 355 4596 ³
375 4563 459 4629 Diog.
477 4563 518 4631 ln,
533 4563 580 4630 IV,
594 4561 629 4613 54
643 4561 687 4626 (fr.
700 4559 730 4613 at
746 4560 815 4623 Μ.).

346 4651 355 4687 ⁴
375 4654 503 4718 Usener,
517 4649 678 4726 Epicurea,
694 4665 726 4724 p.
746 4664 824 4708 xxu.
