3676 5528
676 575 712 617 or
734 575 873 618 ravonrxo
895 574 1038 618 sornrsrx.
1381 559 1417 618 17
1475 611 1479 621 .

295 705 412 778 verba
431 705 515 779 dico
535 749 582 772 -.
601 698 882 779 mutuarentur.
906 705 1026 804 Saepe
1050 725 1140 777 vero
1159 705 1273 779 rebus
1298 723 1419 800 paene
1515 775 1517 779 Α

294 837 450 912 omnino
482 829 684 913 destitutas
723 839 912 922 orationes
951 839 1157 911 habebant.
1194 838 1303 929 Nam,
1344 862 1419 933 quo

214 1023 218 1028 -
294 972 416 1067 major
442 979 641 1068 appareret
665 973 901 1068 eloquentiae
925 973 1063 1064 virtus,
1095 973 1421 1068 quae,utpe1‘ora

294 1109 453 1200 probare
479 1107 737 1197 audientibus,
765 1107 820 1180 ita
848 1106 1010 1178 minima
1027 1128 1165 1200 augere
1184 1110 1222 1179 et
1240 1108 1419 1179 extollere

294 1229 706 1335 posset,'in'vilissimis
731 1247 781 1331 et,
805 1246 847 1313 ut
865 1241 1055 1331 dicebant,
1073 1240 1282 1314 infamibus
1301 1246 1422 1315 mate-

210 1351 215 1362 ·
253 1353 259 1363 ⁰
294 1374 362 1447 riis
375 1375 478 1448 vires
493 1395 582 1448 suas
597 1375 835 1470 exercebant.
852 1374 998 1461 Quibus
1013 1373 1052 1445 in
1064 1373 1419 1466 declamationibus,

295 1514 339 1582 ut
356 1531 427 1603 par
447 1514 516 1601 est,
539 1505 662 1604 lepide
681 1513 719 1581 et
737 1507 916 1582 insolenti
940 1509 1108 1601 quadam
1130 1503 1342 1602 subtilitate
1360 1509 1423 1582 de-

295 1647 467 1716 tornatae
483 1643 693 1716 sententiae
711 1664 779 1737 pro
794 1642 907 1714 rebus
922 1641 1125 1736 valebant;
1142 1642 1293 1737 ineptae
1307 1643 1423 1716 etiam

295 1780 333 1848 et
346 1798 480 1850 sensus
500 1777 625 1849 omnis
650 1781 823 1870 expertes
842 1796 967 1868 nugae
986 1796 1063 1847 non
1091 1797 1198 1849 secus
1218 1777 1425 1850 movebant

295 1882 534 1981 audientium
550 1911 721 2003 plausus
735 1908 772 1980 si
787 1930 850 1981 ore
865 1909 1027 1980 rotundo
1043 1913 1080 1980 et
1094 1908 1230 1981 fluenti
1245 1903 1425 1983 facundia

295 2050 333 2115 et
350 2041 490 2117 canora
504 2065 596 2117 voce
610 2043 822 2116 cinctionis
838 2042 1027 2115 suavitate
1043 2044 1420 2117 commendabantur.

296 2176 363 2266 Ac,
390 2200 465 2270 quo
492 2178 620 2271 plures
649 2176 886 2250 orationibus
915 2176 992 2248 illis
1025 2177 1267 2268 delectarent
1300 2178 1423 2251 maria

296 2310 538 2404 trajiciebant
557 2316 671 2404 atque
691 2311 805 2384 urbes
830 2310 944 2382 Asiae
966 2314 1004 2383 et
1022 2294 1201 2384 Graeciae
1221 2317 1258 2384 et
1277 2312 1422 2404 ltaliae,

295 2445 405 2538 quasi
443 2446 681 2539 triumphum
721 2449 893 2538 agerent,
934 2444 1093 2516 obibant
1129 2443 1258 2539 ibique
1296 2446 1424 2520 aeneis

297 2578 415 2672 signis
435 2577 736 2652 honorabantur.
765 2578 928 2664 Quidam
947 2578 1063 2650 etiam
1084 2578 1183 2651 inter
1203 2601 1254 2671 se,
1278 2581 1425 2674 gladia-

296 2716 421 2785 torum
448 2734 565 2802 more,
587 2711 798 2784 certamina
820 2710 995 2800 edebant,
1019 2709 1146 2783 scissis
1173 2711 1213 2783 in
1238 2711 1421 2787 factiones

295 2835 468 2935 urbibus,
498 2844 653 2938 perinde
680 2866 724 2917 ac
751 2848 904 2938 propter
927 2843 1080 2938 aurigas
1104 2845 1165 2917 vel
1201 2845 1419 2932 histriones.

295 2979 423 3073 Neque
460 3001 551 3051 vero
581 2977 704 3054 visere
733 2984 847 3072 atque
868 2978 1001 3051 audire
1025 3000 1089 3051 eos
1117 2979 1424 3072 dedignabantur

295 3111 553 3208 imperatores,
577 3113 768 3185 interdum
797 3112 913 3184 etiarn
939 3112 1174 3203 muneribus,
1197 3114 1418 3208 honoribus,

294 3247 416 3320 titulis
436 3247 697 3320 cumulabant.
711 3247 832 3319 Mores
851 3268 1002 3340 quoque
1021 3245 1207 3340 ejusmodi
1221 3247 1421 3324 hominum

294 3381 538 3454 histrionales
563 3385 672 3453 erant
703 3404 710 3452 :
742 3380 922 3453 immanis
945 3380 1131 3472 luxuriae,
1149 3382 1421 3477 superbiaeque

294 3516 468 3609 exempla
487 3515 677 3609 quaedam
697 3514 883 3604 teruntur,
907 3536 963 3602 ac,
995 3513 1027 3586 si
1052 3513 1138 3608 quis
1157 3514 1252 3588 forte
1275 3520 1421 3612 tempe-

294 3654 443 3723 rantem
471 3654 509 3722 et
540 3650 753 3721 modestum
777 3670 816 3721 se
842 3648 972 3743 gessit,
995 3647 1028 3720 is
1047 3649 1158 3742 quasi
1178 3672 1266 3723 rara
1294 3651 1420 3725 avisa

296 3783 525 3856 Philostrato
554 3783 832 3877 memoratur¹3
864 3788 973 3855 erant
1000 3782 1066 3876 qui
1092 3785 1270 3877 aequales
1303 3785 1421 3858 atroci

296 3917 444 3990 invidia
462 3913 762 4010 insectarentur3
783 3921 893 3989 erant
911 3916 1027 3989 etiam
1047 3916 1113 4009 qui
1143 3939 1228 3990 cum
1256 3919 1421 4013 impera-

296 4050 583 4144 toribusaequo
601 4049 685 4143 jure
700 4053 867 4144 agerent.

346 4186 455 4274 Quod
483 4185 514 4258 si
547 4185 650 4279 apud
683 4185 956 4257 philostratum
984 4183 1145 4278 legimus
1171 4206 1258 4257 cum
1281 4186 1424 4279 quibus

296 4321 518 4395 hominibus
553 4289 800 4393 conversatus
832 4318 882 4392 sit
914 4318 1139 4410 Favorinus,
1173 4319 1253 4393 sive
1290 4321 1423 4394 amicis

334 4617 343 4652 ¹
363 4615 579 4685 Philostratus,
600 4614 632 4670 V.
648 4611 691 4684 8.,
702 4613 725 4684 Ι,
739 4625 816 4684 xxii,
829 4611 856 4684 5,
