3648 5528
664 625 700 666 uu
721 622 862 667 FAvonssto
882 621 1057 666 tonnumco.
1390 599 1425 663 'll

305 754 337 827 Sl
358 756 588 829 Philostrato
607 755 785 846 creditur,
812 760 881 832 τοὺς
906 754 1118 841 Πυρρωνείους
1146 758 1317 838 ἐφεκτικοὺς
1343 758 1429 831 ὄντας

306 893 359 956 οὐκ
374 891 540 977 ἀφαιρεῖται
559 895 607 957 καὶ
626 899 659 957 τὸ
679 893 803 967 δικάζειν
825 886 995 990 δύνασθάιί,
1019 885 1191 979 ideoque,
1217 889 1261 957 tlt
1279 885 1427 978 opinor,

305 1023 456 1094 tametsi
474 1023 522 1095 ab
544 1022 753 1096 Academia
773 1021 912 1110 stabat,
935 1034 1090 1087 σκεπτικεῡ
1112 1040 1252 1092 nomen
1272 1016 1430 1090 minime

305 1156 521 1249 respuebat.
564 1155 663 1242 Quid
695 1154 799 1227 enim
828 1153 933 1226 aliud
966 1158 1023 1226 est
1063 1147 1280 1249 inquirere²
1312 1172 1428 1245 quam

306 1291 504 1357 σκέπτεσθαιῖ)

356 1423 395 1496 si
414 1415 582 1497 breviter
600 1424 823 1501 concludere
835 1424 1021 1497 ¹volumus
1042 1422 1167 1516 qualis
1181 1420 1431 1516 philosophus

306 1556 483 1630 videatur
506 1556 616 1630 nobis
644 1557 762 1630 luisse
795 1555 1021 1647 Favorinus,
1051 1556 1104 1628 ita
1134 1554 1430 1647 intellegendum

307 1713 388 1778 esse
403 1691 681 1764 existimamus.
701 1691 950 1764 Academicus
970 1690 1056 1781 luit,
1077 1694 1267 1784 quatenus
1281 1709 1433 1783 promp

308 1825 383 1926 tius
416 1825 593 1897 assentiri
623 1825 833 1897 sententiae
870 1824 1049 1918 cuiquam
1090 1821 1298 1895 Academia
1329 1825 1434 1894 veta-

307 1961 403 2032 bat:
435 1964 479 2032 ut
507 1959 624 2052 igitur
640 2033 642 2037 ,
660 1958 895 2031 Carneadem
928 1957 1102 2030 laudavit
1134 1955 1275 2047 Cicero,
1307 1977 1331 2027 a
1358 1977 1433 2048 quo

309 2092 480 2166 Herculis
503 2092 660 2187 quidam
689 2092 800 2164 labor
819 2065 1037 2165 exantlatus
1066 2095 1178 2180 esset,
1207 2113 1224 2160 c
1246 2059 1360 2183 quod,
1390 2093 1435 2161 ut
1518 2153 1519 2156 ,

309 2226 427 2324 leram
460 2230 498 2298 ct
522 2225 731 2298 immanem
762 2224 929 2314 beluam,
966 2224 1019 2296 sic
1054 2245 1100 2296 ex
1127 2222 1268 2296 animis
1293 2221 1434 2294 nostris
1508 2319 1512 2324 1

309 2360 586 2450 assensionem,
623 2359 662 2431 id
706 2363 763 2432 est
805 2358 1062 2452 opinationem
1108 2363 1145 2430 et
1179 2357 1433 2429 temeritatem

309 2492 560 2568 extraxisset3
590 2518 624 2583 a,
653 2493 706 2566 ita
731 2492 965 2566 Favorinum
992 2491 1088 2564 mihi
1120 2491 1252 2564 uideor
1275 2493 1431 2562 conten-

309 2630 395 2702 dere
416 2649 524 2722 posse
543 2628 693 2700 nullum
712 2626 835 2720 magis
863 2627 987 2700 odisse
1008 2625 1147 2698 vitium
1170 2646 1286 2719 quam
1308 2629 1434 2696 teme—

309 2763 461 2834 ritatem
485 2765 522 2834 et
537 2760 1068 2854 credulitatemssuaprcpter
1090 2759 1213 2832 abeis
1233 2757 1433 2852 praecipue

309 2895 554 2969 aversissimo
582 2901 663 2969 erat
687 2894 816 2969 animo
843 2896 909 2989 qui
937 2893 1173 2990 praecipites
1203 2890 1433 2988 prodipiqae

301 3027 452 3126 judicii
481 3025 566 3102 soi*
602 3025 728 3120 erant,
761 3035 810 3119 et,
830 3028 923 3102 ueri
954 3032 1145 3122 compotes
1170 3049 1209 3099 se
1235 3047 1316 3099 esse
1342 3025 1430 3115 rati,

310 3169 449 3236 temere
474 3186 518 3237 ac
546 3185 622 3236 non
653 3163 734 3236 sine
759 3164 936 3258 superbia
955 3162 1191 3257 judicabant,
1219 3161 1300 3232 sive
1325 3158 1433 3232 stoici

310 3297 390 3371 sive
419 3298 534 3371 etiam
558 3297 820 3393 grammatici⁵
840 3303 949 3371 erant
979 3297 1059 3368 sive
1082 3295 1294 3390 quamlibet
1316 3294 1432 3366 aliam

309 3438 430 3506 artem
445 3434 734 3529 profitebantur.
758 3433 887 3527 Neque
907 3432 1022 3505 aliam
1038 3432 1085 3504 ob
1101 3452 1269 3520 causam,
1288 3429 1320 3502 si
1340 3429 1433 3523 quid

308 3568 545 3665 propositum
570 3574 664 3658 erat,
682 3568 844 3640 libenter
867 3567 907 3638 in
923 3569 1287 3658 utramquepartem
1304 3563 1434 3657 dispu-

310 3705 429 3794 tabat,
453 3703 578 3776 studio
593 3703 758 3797 quodam
780 3701 998 3791 instinctus,
1015 3700 1116 3794 quod
1141 3699 1277 3772 leniter
1292 3698 1434 3770 irride-

310 3839 377 3911 bat
395 3836 595 3927 Caecilius,
614 3835 831 3930 «quicquid
851 3833 1003 3906 libitum
1018 3838 1100 3906 erat
1114 3832 1300 3925 arguendi
1316 3836 1434 3904 tuen-

310 3969 456 4067 diqucss.
481 3996 501 4042 u
521 3971 584 4061 At,
620 3993 707 4043 cum
740 3970 930 4063 egendum
957 3972 1050 4056 erat,
1091 3988 1178 4039 cum
1210 3965 1433 4060 praesertim

349 4223 354 4254 ¹
375 4223 589 4289 Philostratus,
608 4219 637 4275 V.
655 4218 811 4290 s.,1‚v1n,
825 4217 851 4274 6.

347 4309 358 4344 ²
376 4311 500 4379 Gellius,
516 4310 552 4364 N.
568 4310 617 4380 A.,
630 4311 690 4379 XX,
707 4321 727 4378 1,
741 4309 767 4363 9.

346 4397 357 4432 ³
375 4402 492 4469 Cicero,
506 4399 611 4469 Acad,
625 4400 661 4468 Il,
676 4398 737 4454 108.

347 4489 357 4524 ⁴
377 4491 502 4560 GelliuS,
517 4489 554 4544 N.
568 4488 613 4557 A,
627 4489 675 4559 XI,
688 4476 717 4558 u,
732 4489 758 4542 4.

346 4579 358 4615 ⁸
376 4582 428 4635 Ex.
440 4595 496 4649 gn,
508 4580 555 4648 IV,
567 4591 588 4648 1,
603 4579 620 4632 4
632 4592 701 4647 sqq.

346 4669 358 4704 ⁶
377 4671 502 4739 Gallina,
515 4668 551 4723 N.
563 4668 610 4738 A,
623 4668 683 4737 XX,
697 4679 718 4737 1,
731 4667 775 4722 21.
